3496 5482
539 462 554 469 .-
576 462 774 473 --ι--φ-.-.ο-
816 461 872 469 --
906 460 935 467 -ι

326 519 401 594 350
735 521 827 573 rapa
855 520 913 571 srr
941 519 1016 569 nex
1045 517 1171 570 noum.

377 628 504 634 ——-—-
533 628 599 635 --.
642 628 671 634 .-
700 622 1174 634 tm—-4---..--————-—-›-—-—————

325 677 539 756 animantur
557 683 873 780 obtemperantes,
894 679 1018 778 potius
1033 678 1135 753 flatui
1153 679 1283 753 divino
1301 705 1349 754 ex
1368 704 1432 755 ore
1445 680 1582 754 Vicarii
1655 759 1659 765 ,

327 798 467 874 Christi
483 799 639 897 prolat0,
659 800 811 875 tandem
831 823 977 873 cursum
999 795 1191 873 flecterent
1210 795 1245 870 in
1266 797 1478 895 perniciem,
1501 799 1581 897 jam

324 936 449 992 actum
485 916 581 994 soret
595 918 643 993 de
661 917 843 994 societate
862 916 931 991 hac
953 915 1139 1014 Europaea
1157 940 1241 1013 quae
1273 940 1340 1013 per
1367 915 1580 1013 quindecim

326 1033 442 1110 ferme
474 1033 608 1111 saecula
644 1034 838 1135 praevaluit
856 1051 895 1109 et
913 1033 1079 1109 nondum
1109 1031 1312 1132 praevalere
1331 1032 1480 1132 penitus
1503 1057 1581 1107 ces-

325 1151 434 1226 savit.
457 1152 520 1227 De
538 1172 664 1228 cetero
695 1170 820 1229 autem
839 1150 970 1227 exules
985 1152 1020 1225 in
1043 1148 1198 1249 Europa
1215 1168 1390 1249 poterunt
1402 1150 1582 1249 deinceps

264 1306 267 1311 ·
325 1268 560 1345 Germanicae
576 1272 745 1348 nationes
759 1270 1005 1346 Americanas
1019 1288 1147 1368 petere
1159 1268 1289 1369 plagas
1308 1288 1346 1345 et
1364 1269 1471 1367 quasi
1486 1269 1581 1344 redi-

322 1386 420 1461 vivae
437 1413 558 1464 novas
568 1389 731 1466 condere
748 1388 920 1464 civitates
931 1406 1109 1475 ;attamen
1130 1413 1239 1462 novae
1250 1414 1293 1463 ac
1308 1386 1581 1486 praedominan-

324 1521 381 1580 tes
393 1505 473 1604 jam
501 1506 703 1583 slavonicae
729 1526 865 1607 gentes
887 1506 1084 1593 Borussiae‚
1096 1506 1242 1581 Russiae
1256 1525 1294 1582 et
1306 1505 1578 1604 principatuum

326 1623 626 1700 Danubiensium
647 1623 736 1723 ipsis
756 1625 794 1699 in
812 1625 1069 1701 haereditatem
1088 1624 1301 1700 succedent.

377 1739 496 1816 Hisce
531 1742 667 1817 iterum
695 1742 866 1818 Vicarius
891 1742 1043 1829 Christi,
1064 1741 1216 1840 quidem
1254 1765 1449 1816 successor
1483 1741 1581 1816 Leo·

324 1859 380 1932 nis
399 1860 518 1948 XIII,
535 1860 664 1937 salutis
680 1880 794 1961 atque
811 1861 1105 1937 conservationis
1124 1859 1271 1935 socialis
1290 1859 1428 1934 auxilia
1446 1858 1580 1935 offerre

326 1979 472 2074 poterit,
494 1997 557 2055 aut
576 1979 844 2077 accipientibus
869 1979 905 2054 in
924 1979 1210 2079 prosperitatem
1230 1996 1293 2053 aut
1320 1978 1580 2053 recusantibus

325 2094 361 2168 in
374 2094 518 2171 ruinam
550 2123 619 2196 pro
648 2097 784 2196 placito
802 2097 1024 2196 populorum
1042 2124 1049 2183 ;
1069 2121 1256 2195 nunquam
1276 2113 1404 2172 tamen
1434 2095 1580 2195 quaevis

324 2214 425 2309 natio
439 2215 632 2314 quaevisve
643 2217 803 2291 societas
818 2216 994 2292 srustrare
1007 2215 1147 2291 valebit
1158 2215 1312 2291 consilia
1327 2214 1581 2290 Providentia:

323 2332 461 2434 divinae
479 2359 563 2433 quae
581 2334 730 2408 unicum
749 2335 938 2410 munimen
957 2335 1083 2432 posuit
1102 2335 1139 2408 in
1159 2334 1276 2422 terris,
1297 2358 1372 2409 non
1390 2332 1510 2408 solum
1532 2333 1581 2406 ad

324 2451 482 2527 salutem
511 2455 662 2553 generis
686 2454 838 2529 humani
866 2455 934 2529 sed
963 2456 1010 2530 ad
1034 2455 1359 2531 conservationem
1388 2452 1579 2528 societatis

324 2568 451 2657 civilis,
475 2570 684 2646 Ecclesiam
700 2598 836 2671 nempe
855 2571 1099 2662 Catholicam,
1122 2572 1329 2648 Ecclesiam
1356 2573 1578 2655 Romanam,

327 2686 555 2762 Cathedram
570 2690 680 2776 Petri,
694 2710 823 2766 contra
837 2716 949 2790 quarn
961 2710 1079 2790 portae
1094 2691 1200 2767 inseri
1215 2715 1289 2766 non
1309 2688 1579 2788 praevalebunt.

329 2809 434 2908 Ergo
467 2810 570 2908 Papa
591 2812 724 2886 iterum
752 2813 801 2886 sit
831 2838 896 2887 rex
918 2814 1059 2899 Romae,
1081 2828 1308 2887 restauretur
1339 2810 1376 2884 in
1400 2807 1582 2883 Pontifice

322 2928 384 3026 jus
403 2927 611 3025 pristinum,
627 2930 690 3027 jus
709 2928 798 3003 illud
821 2929 1092 3028 providentiaie
1110 2948 1148 3005 et
1168 2931 1249 3027 ipso
1264 2928 1362 3003 sacto
1382 2926 1487 3000 brevi
1502 2951 1581 3000 ces·

325 3046 422 3121 sabit
435 3048 593 3145 quaestio
608 3050 753 3124 socialis
773 3050 810 3124 in
822 3049 975 3125 mundo,
