3496 5482
725 490 817 539 l'Al’A
844 489 903 537 Sl'l
931 488 1005 536 REX
1035 487 1160 538 ROMAE.

313 649 522 723 animorum
553 646 910 746 adipiscendamque
936 646 972 719 in
1002 644 1106 718 coelis
1138 644 1363 732 felicitatem,
1385 663 1512 722 tamen
1542 648 1579 721 in

315 766 398 864 ipso
411 767 524 841 etiam
544 790 665 842 rerum
686 761 897 838 mortalium
916 787 1067 860 genere,
1083 778 1139 836 tot
1157 786 1201 835 ac
1219 779 1344 837 tantas
1362 761 1461 838 ultro
1478 765 1580 862 parit

315 883 502 970 utilitates,
531 903 570 959 ut
602 884 725 982 plures
747 881 982 980 majoresque
1012 904 1086 954 non
1112 899 1250 977 posset,
1276 881 1307 954 si
1327 882 1514 979 inprimis
1538 901 1579 959 et

316 1003 478 1077 maxime
495 1021 595 1077 esset
615 1002 661 1075 ad
677 1000 853 1075 tuendam
873 998 983 1097 hujus
1003 999 1139 1073 vitae...
1162 1000 1448 1096 prosperitatem
1470 1001 1578 1076 insti·

314 1119 475 1207 tutum;”
489 1120 590 1217 quod
605 1119 756 1217 quidem
769 1143 853 1190 cum
872 1116 1141 1216 D.Augustino
1159 1115 1365 1192 acclamare
1383 1143 1452 1193 nos
1466 1144 1579 1218 opor-

314 1258 393 1315 tet:
428 1238 522 1311 “Tu
542 1237 732 1334 pueriliter
756 1260 903 1332 pueros,
931 1234 1074 1308 sortiter
1098 1235 1269 1332 juvenes,
1295 1236 1422 1332 quiete
1452 1262 1578 1324 senes,

314 1376 423 1455 prout
442 1356 623 1453 cujusque
643 1379 716 1427 non
736 1353 901 1449 corporis
922 1370 1077 1437 tantum,
1099 1353 1166 1426 sed
1193 1370 1231 1426 et
1257 1352 1371 1426 animi
1394 1371 1486 1427 aetas
1504 1371 1577 1441 est,

314 1500 468 1549 exerces
490 1499 532 1546 ac
551 1472 675 1545 doces.
700 1514 749 1525 -
769 1469 829 1542 Tu
850 1469 1008 1543 seminas
1026 1470 1117 1543 viris
1141 1469 1229 1555 suis,
1251 1495 1325 1543 non
1352 1471 1400 1543 ad
1420 1470 1577 1568 explen-

313 1593 398 1666 dam
423 1591 624 1675 libidinem,
645 1588 711 1662 sed
731 1587 778 1660 ad
798 1587 1079 1686 propagandam
1099 1585 1253 1684 prolem,
1269 1606 1308 1662 et
1325 1589 1371 1662 ad
1392 1589 1443 1663 rei
1469 1587 1578 1664 lami·

313 1709 412 1783 liaris
442 1710 670 1791 societatem,
691 1725 794 1779 casta
812 1724 849 1779 et
878 1703 976 1778 fideli
1004 1705 1219 1779 obedientia
1250 1705 1413 1804 subjicis.
1442 1750 1493 1763 —
1512 1707 1577 1781 Tu

316 1827 414 1901 viros
445 1825 668 1924 conjugibus
698 1848 772 1897 non
800 1823 847 1896 ad
880 1821 1110 1897 illudendum
1130 1822 1408 1900 imbecilliorem
1427 1850 1574 1914 sexum,

313 1944 380 2018 sed
399 1943 532 2018 sinceri
558 1942 694 2015 amoris
722 1939 877 2038 legibus,
900 1939 1066 2037 praeficis.
1092 1940 1221 2014 -Tu
1243 1942 1459 2039 parentibus
1479 1942 1576 2019 filios

314 2062 430 2136 libera
448 2060 611 2159 quadam
631 2059 811 2134 servitute
838 2059 1058 2156 subjungis,
1078 2079 1252 2155 parentes
1271 2060 1355 2136 liliis
1375 2063 1435 2158 pia
1454 2062 1575 2137 dorni-

315 2180 465 2254 natione
489 2177 686 2276 praeponis.
703 2221 753 2232 -
772 2176 833 2249 Tu
852 2176 1027 2250 iratribus
1054 2176 1186 2250 iratres
1212 2177 1401 2278 religionis
1424 2179 1575 2255 vinculo

313 2316 427 2395 atque
441 2296 599 2371 arctiore
611 2319 722 2393 quam
741 2295 934 2392 sanguinis
954 2295 1238 2380 necessitudine,
1253 2296 1411 2371 servatis
1431 2314 1575 2373 naturae

315 2414 593 2511 voluntatisque
630 2413 799 2498 nexibus,
820 2432 948 2485 mutua
979 2413 1133 2487 caritate
1161 2413 1397 2510 constringis.
1430 2453 1481 2467 —
1512 2413 1576 2488 Tu

314 2532 475 2606 dominis
493 2555 632 2616 servos,
655 2555 728 2604 non
749 2549 823 2604 tam
842 2530 1066 2605 conditionis
1088 2532 1320 2617 necessitate,
1337 2556 1448 2629 quam
1460 2530 1575 2605 officii

315 2650 572 2735 delectatione,
594 2650 707 2724 doces
725 2651 927 2724 adhaerere.
944 2691 994 2701 —
1014 2650 1075 2722 Tu
1094 2650 1266 2724 dominos
1292 2651 1422 2736 servis,
1436 2650 1573 2723 summi

318 2767 391 2841 Dei
409 2766 617 2839 communis
640 2767 793 2841 Domini
812 2768 1112 2842 consideratione
1130 2766 1330 2863 placabiles
1348 2787 1385 2844 et
1413 2767 1461 2843 ad
1486 2793 1576 2842 con·

314 2885 510 2962 sulendum
522 2910 634 2983 quam
648 2886 694 2959 ad
707 2887 953 2960 coercendum
966 2886 1229 2983 propensiores
1244 2886 1460 2961 sacis—Tu
1472 2887 1576 2962 cives

315 3005 467 3089 civibus,
475 3021 609 3102 gentes
627 3005 860 3102 gentibus,et
875 3029 1026 3102 prorsus
1041 3003 1211 3078 homines
1224 3004 1426 3100 primorum
1441 3029 1576 3101 paren·

316 3140 394 3197 tum
420 3121 685 3208 recordatione,
708 3148 781 3196 non
814 3124 993 3196 societate
1013 3140 1167 3208 tantum,
1184 3122 1250 3196 sed
1269 3123 1430 3221 quadam
1457 3122 1574 3197 etiam

315 3240 546 3314 fraternitate
577 3241 784 3339 conjungis.
811 3286 860 3297 -
887 3241 1013 3314 Doces
1046 3265 1153 3338 reges
1181 3241 1393 3337 prospicere
1412 3240 1572 3338 populis,

316 3384 446 3435 mones
470 3357 628 3457 populos
647 3384 688 3432 se
708 3360 869 3433 subdere
888 3359 1085 3457 regibus...
1107 3358 1312 3432 ostendens
1330 3359 1575 3455 quemadmo-

315 3480 402 3553 dum
435 3496 473 3551 et
503 3502 580 3559 ,non
611 3478 786 3550 omnibus
815 3478 950 3562 omnia,
972 3501 1010 3551 et
1038 3477 1212 3550 omnibus
1249 3478 1393 3564 caritas,
1417 3494 1455 3551 et
1484 3475 1576 3551 nulli

316 3596 474 3671 debetur
493 3593 624 3693 injuria
640 3591 697 3692 (¹)
713 3593 729 3620 ''

369 3733 421 3794 12.
453 3722 555 3793 lnter
580 3720 773 3794 Romanos
795 3721 995 3796 Pontifices
1018 3721 1080 3819 qui
1105 3721 1266 3795 maxime
1286 3721 1574 3795 vindicaverunt

316 3838 520 3937 temporale
548 3839 586 3912 S.
608 3838 718 3912 Sedis
741 3839 959 3912 Dominium
986 3857 1023 3911 et
1051 3863 1146 3935 quos
1168 3837 1331 3912 coelestis
1354 3838 1478 3912 Patria
1491 3838 1573 3938 jam

316 3958 489 4053 suscepit,
511 3956 649 4030 eminet
678 3955 846 4052 prolecto
881 3957 921 4028 Β.
948 3955 1125 4029 Urbanus
1144 3955 1190 4041 V,
1211 3955 1259 4028 de
1287 3981 1363 4052 quo
1391 3956 1571 4041 Ecclesia,

316 4077 517 4154 infallibilis
536 4080 571 4151 in
588 4075 736 4173 publica
753 4100 820 4147 sua
841 4072 999 4172 liturgia,
1022 4090 1206 4147 testatur:
1239 4084 1259 4112 “
1280 4073 1439 4148 Civilem
1460 4074 1572 4148 Sedis

316 4195 545 4296 Apostolicae
566 4195 828 4290 Principatum,
849 4217 946 4289 pene
968 4216 1151 4277 eversum,
1181 4191 1232 4265 ita
1259 4192 1427 4279 restituit,
1449 4208 1488 4265 ut
1502 4190 1573 4265 sibi

316 4333 354 4393 et
378 4313 655 4390 successoribus
686 4312 772 4397 suis,
813 4310 1021 4384 necessaria
1056 4309 1207 4383 tandem
1241 4308 1411 4384 libertate
1455 4326 1571 4407 parta,

319 4523 550 4532 ——·—--..-
561 4521 692 4528 -—.--.
712 4519 744 4525 ·---
756 4518 875 4525 —--—-
890 4517 1049 4524 -----——-.-
1075 4517 1084 4522 -
1111 4518 1132 4522 ..-
1148 4516 1151 4520 ·
1168 4516 1176 4522 -
1198 4516 1211 4522 -.
1231 4516 1377 4523 .-—...-0—
1393 4514 1572 4523 ---,.-.--.

354 4650 375 4690 1.
396 4636 439 4689 De
458 4635 561 4689 rlron'b.
576 4635 661 4704 Eccl.,
675 4634 720 4687 liv.
737 4635 758 4701 l,
772 4650 795 4688 c.
806 4647 848 4701 30,
862 4650 888 4686 n.
902 4632 945 4698 63.
