3496 5482
587 502 726 558 'CAPUT
751 508 931 561 DECIMUM
957 509 1146 574 QUINTUM.
1429 509 1501 585 373
1597 535 1600 544 ·

303 667 410 766 Ergo
431 667 602 766 “scripta
620 666 767 765 scriptis
780 669 1006 766 opponenda
1023 685 1064 742 ut
1083 668 1170 744 inde
1188 670 1352 746 remedia
1369 696 1501 770 suppe-

256 803 347 875 tant,
368 790 467 864 unde
486 787 583 864 mala
600 812 747 863 venena
765 804 981 885 quaeruntur
994 784 1048 887 (¹).
1069 786 1087 814 ¹'

303 915 466 1014 Oportet
483 914 622 991 veritas
652 932 799 990 mentes
816 914 976 1013 attingat
1004 914 1117 990 etiam
1136 940 1265 991 eorum
1293 917 1357 1015 qui
1375 917 1502 1015 procul

246 1059 270 1107 a
287 1032 475 1111 consortio
498 1033 686 1133 religionis
705 1058 746 1107 ac
780 1032 984 1108 sacerdotis
1003 1033 1145 1119 vivunt,
1179 1060 1337 1132 quorum
1356 1061 1447 1135 ergo
1466 1035 1501 1109 in

248 1178 355 1227 usum
375 1153 556 1229 conscribi
576 1151 756 1227 deberent
775 1150 1035 1249 ephemerides
1053 1169 1091 1225 et
1118 1151 1279 1227 minores
1303 1153 1502 1228 Tractatus

253 1299 382 1348 sanam
401 1300 444 1348 ac
462 1272 617 1348 solidam
637 1273 685 1347 de
705 1271 799 1347 solio
820 1271 1014 1347 Pontificio
1035 1272 1240 1348 doctrinam
1262 1275 1501 1362 continentia,

250 1410 363 1489 atque
377 1393 424 1467 ad
438 1392 707 1468 institutionem
719 1390 926 1490 gregalium
939 1390 1059 1490 plebis
1071 1406 1108 1465 et
1118 1392 1500 1492 rudiorumadaptata.

297 1518 419 1596 Valde
438 1518 691 1595 memorabilia
710 1544 859 1616 quoque
871 1536 958 1593 sunt
976 1543 1030 1603 ea,
1048 1544 1132 1616 quae
1154 1520 1254 1617 Papa
1268 1520 1501 1618 jamdudum

247 1640 527 1738 ephemeridum
560 1640 802 1739 scriptoribus
821 1640 937 1714 dixit:
958 1649 978 1678 “
1002 1639 1164 1715 Interest
1194 1666 1306 1738 quarn
1327 1641 1498 1726 maxime,

245 1784 290 1835 ne
309 1787 382 1859 qua
411 1761 557 1835 errandi
587 1759 816 1857 relinquatur
846 1759 1003 1845 occasio,
1025 1784 1151 1835 rursus
1171 1760 1206 1834 in
1235 1759 1500 1836 catholicorum

246 1898 408 1956 mentem
425 1871 1031 1978 reducere,supremamEcclesiae
1044 1897 1380 1978 potestatemquae
1389 1874 1500 1954 Petro

244 1998 399 2098 eiusque
434 1999 711 2076 successoribus
743 1997 922 2073 divinitus
951 1996 1084 2073 collata
1115 1995 1185 2079 est,¹
1216 2015 1256 2072 ut
1288 1999 1499 2073 universam

245 2116 385 2193 Christi
406 2116 581 2193 familiam
601 2117 637 2192 in
669 2115 743 2191 fide
760 2117 971 2191 contineret
990 2133 1028 2191 et
1050 2116 1098 2189 ad
1116 2134 1306 2191 aeternam
1326 2114 1500 2193 coelestis

246 2235 350 2334 regni
369 2236 638 2312 beatitudinem
658 2234 872 2321 adduceret,
889 2260 936 2309 ex
955 2233 1082 2308 divina
1101 2233 1217 2331 ipsius
1236 2233 1377 2310 Christi
1396 2233 1498 2309 insti-

244 2355 398 2441 tutione,
413 2354 666 2453 plenissimam
679 2353 748 2428 sibi
761 2349 970 2428 libertatem
983 2351 1189 2428 vindicare:
1203 2352 1250 2426 ad
1263 2351 1358 2427 hanc
1372 2371 1497 2427 autem

241 2490 467 2569 potestatem
485 2472 601 2547 libere
619 2489 700 2547 toto
719 2470 824 2546 Orbe
842 2468 1101 2558 exercendam,
1135 2471 1399 2568 providissimo
1423 2470 1498 2545 Dei

242 2591 397 2667 consilio
416 2593 552 2668 sactum
573 2616 656 2667 esse
676 2607 726 2677 ut,
748 2607 832 2688 post
851 2588 1058 2688 periculosa
1072 2591 1214 2688 primae
1225 2591 1358 2667 aetatis
1372 2591 1498 2667 discri-

244 2709 352 2795 mina,
389 2693 507 2785 civilis
524 2691 528 2700 ³
547 2708 780 2806 Principatus
819 2708 1013 2782 Romanae
1043 2706 1236 2784 Ecclesiae
1263 2708 1495 2795 adficeretur,

242 2826 440 2926 eidemque
476 2827 590 2926 longo
626 2825 856 2901 saeculorum
877 2844 1006 2912 tractu,
1046 2827 1142 2901 inter
1178 2826 1341 2902 infinitas
1373 2852 1496 2903 rerum

243 2945 517 3021 vicissitudines
537 2969 813 3045 regnorumque
831 2945 956 3018 ruinas
974 2963 1267 3020 conservaretur.

293 3082 315 3112 ⁴⁴
338 3073 423 3148 Hac
442 3091 567 3148 autem
588 3072 740 3158 ratione,
761 3096 851 3145 sane
870 3071 1104 3170 gravissima,
1126 3097 1201 3146 non
1221 3073 1326 3171 regni
1341 3072 1495 3159 ambitu,

242 3209 282 3264 ut
301 3191 450 3288 saepius
468 3191 664 3278 ediximus,
682 3215 755 3263 non
775 3189 994 3263 dominandi
1013 3190 1219 3287 cupiditate
1233 3190 1403 3287 permoti,
1423 3192 1497 3264 Ro-

243 3312 342 3384 mani
365 3311 565 3386 Pontifices
583 3310 732 3408 quoties
750 3307 898 3383 civilem
918 3301 1015 3383 hunc
1031 3309 1283 3406 Principatum
1303 3308 1442 3386 turbari
1461 3325 1499 3384 et

245 3428 374 3504 violari
403 3448 611 3517 senserunt,
645 3427 838 3526 apostolici
871 3429 1034 3502 muneris
1062 3453 1147 3502 esse
1178 3422 1364 3525 putarunt,
1395 3453 1502 3503 sacra

246 3548 440 3624 Romanae
471 3547 664 3623 Ecclesiae
684 3547 762 3621 iura
780 3565 879 3620 sarta
900 3563 999 3620 tecta
1025 3571 1183 3634 servare
1206 3565 1244 3621 et
1262 3572 1330 3644 pro
1358 3540 1499 3621 viribus

244 3668 349 3742 tueri.
389 3668 549 3765 Nosque
579 3665 659 3764 ipsi,
701 3665 1033 3739 Praedecessorum
1073 3664 1299 3739 Nostrorum
1328 3663 1501 3761 exempla

245 3786 372 3872 secuti,
385 3785 477 3861 haec
487 3785 618 3860 eadem
635 3783 713 3856 iura
728 3806 895 3857 asserere
910 3799 947 3856 et
961 3781 1151 3857 vindicare
1164 3807 1238 3858 non
1251 3781 1498 3882 praetermisi·

246 3928 338 3990 mus,
360 3930 483 4003 neque
502 3929 664 4001 unquam
685 3901 1036 3999 praetermittemus.

298 4042 318 4071 ‘⁶
339 4031 579 4138 Quapropter
598 4054 677 4116 vos,
698 4029 761 4103 tilii
781 4028 1020 4116 dilectissimi,
1042 4031 1237 4106 unanimes
1255 4048 1293 4106 et
1316 4056 1409 4106 voce
1428 4029 1501 4105 ala·

245 4177 325 4225 cres
344 4177 385 4226 ac
404 4151 560 4249 scriptis,
582 4151 675 4225 sacri
704 4150 847 4247 imperii
866 4150 1126 4225 necessitatem
1146 4151 1194 4224 ad
1222 4150 1378 4226 liberum
1398 4150 1501 4250 spiri·

245 4269 355 4344 tualis
375 4271 571 4368 potestatis
590 4269 807 4345 exercitium
840 4294 1077 4369 propugnare
1097 4295 1144 4344 ne
1162 4269 1343 4345 desinatis
1362 4297 1369 4355 ;
1388 4288 1504 4367 atque

246 4388 400 4464 historia
430 4391 525 4464 duce
553 4389 750 4477 ostendite,
785 4389 872 4463 illud
892 4390 1088 4488 imperium
1120 4408 1195 4465 tarn
1223 4390 1392 4490 legitimo
1424 4391 1504 4465 iure

289 4679 309 4718 t.
325 4665 488 4735 Encycl.ad
497 4665 576 4737 Epis.
591 4664 692 4733 stultia,
710 4679 739 4734 15
752 4665 820 4720 Feb.
839 4666 913 4720 1882.
