3496 5482
633 569 757 620 CAPUT
785 568 951 620 SEXTUM.
1355 567 1396 616 ll
1404 565 1423 638 5

168 737 189 766 “
208 727 356 802 inimici
370 728 431 802 tui
445 738 655 814 sonuerunt,
685 738 721 801 et
748 728 818 826 qui
843 728 999 802 oderunt
1014 737 1050 801 te
1065 729 1280 802 extulerunt
1303 734 1421 824 capul.

167 853 187 884 “
206 845 331 943 Super
337 847 520 944 populum
546 856 654 920 tuum
679 846 983 943 malignaverunt
1000 845 1196 935 consilium
1210 871 1225 918 .·
1239 855 1274 919 et
1290 846 1423 942 cogita·

168 974 188 1002 “
206 975 339 1038 uerunt
368 965 544 1038 adversus
571 973 712 1039 sanctor
729 972 818 1039 tuos.
844 964 1061 1039 Dixerunt:
1077 965 1204 1051 venite,
1234 975 1268 1038 et
1285 963 1423 1061 disper·

167 1094 188 1123 “
206 1085 338 1159 damus
354 1111 410 1159 eos
429 1085 591 1182 degente
609 1082 666 1184 (¹).
687 1084 705 1112 ''

218 1214 238 1244 “
261 1204 304 1278 ln
324 1222 400 1279 tarn
416 1204 605 1302 praesenti
617 1203 843 1290 discrimine,
860 1204 897 1278 in
914 1221 989 1278 tam
1003 1202 1154 1277 immani
1169 1203 1423 1301 pertinacique

163 1331 182 1360 ‘¹
201 1321 390 1396 christiani
410 1322 571 1396 nominis
589 1321 885 1422 oppugnatione,
909 1339 1080 1396 nostrum
1100 1338 1157 1395 est
1176 1321 1340 1395 indicare
1358 1346 1420 1418 pe·

164 1452 185 1482 “
207 1441 369 1530 riculum,
385 1443 583 1542 designare
610 1441 855 1527 adversarios,
877 1441 1085 1540 horumque
1112 1440 1281 1528 ,consiliis
1308 1458 1420 1539 atque

164 1569 183 1598 “
202 1560 352 1647 artibus,
373 1579 552 1658 quantum
573 1585 783 1657 possumus,
801 1560 974 1638 resistere
992 1577 1033 1634 ut
1047 1577 1239 1635 aeternum
1264 1585 1311 1634 ne
1338 1582 1426 1656 per-⁴

164 1686 185 1716 “
203 1695 290 1751 eant
308 1702 466 1776 quorum
489 1677 612 1753 Nobis
640 1696 697 1752 est
716 1676 917 1752 commissa
935 1677 1057 1752 salus:
1076 1695 1114 1752 et
1137 1678 1228 1753 lasu
1249 1677 1426 1752 Cunsn*

165 1805 185 1834 '⁸
205 1821 372 1894 regnum,
388 1796 489 1894 quod
509 1798 688 1871 tuendum
716 1796 937 1893 accepimus,
959 1822 1033 1872 non
1054 1798 1167 1872 modo
1186 1815 1259 1872 stet
1277 1816 1316 1872 et
1335 1820 1418 1895 per·

164 1923 185 1951 “
205 1931 354 1988 maneat
373 1915 569 2014 integrum,
590 1916 657 1988 sed
678 1913 786 1988 novis
803 1939 923 2012 usque
935 1914 1175 1989 incrementis
1192 1914 1330 2013 ubique
1349 1932 1420 1989 ter·

164 2041 183 2071 “
204 2056 325 2105 rarum
345 2031 601 2128 amplificetur.

215 2160 235 2188 ‘⁶
258 2150 418 2223 Romani
440 2149 641 2224 Pontifices
659 2148 881 2224 decessores
904 2148 1046 2237 Nostri,
1066 2175 1134 2247 pro
1160 2150 1279 2224 salute
1293 2150 1419 2248 populi

164 2280 186 2307 ‘⁴
204 2268 393 2344 christiani
413 2269 545 2344 sedulo
563 2269 773 2368 vigilantes,
793 2271 890 2343 hunc
907 2278 986 2343 tam
1001 2271 1194 2368 capitalem
1212 2273 1346 2346 hostem
1370 2299 1417 2348 ex

165 2386 368 2462 “occultae
397 2387 662 2462 coniurationis
696 2388 861 2462 tenebris
891 2388 1156 2484 prosilientem,
1187 2392 1270 2489 quis
1297 2409 1414 2478 esset,

164 2504 292 2602 “quid
322 2504 446 2593 vellet,
467 2505 636 2580 celeriter
655 2522 892 2605 agnoverunt
909 2534 917 2595 ;
937 2506 1124 2604 iidemque
1146 2509 1417 2606 praecipientes

162 2633 182 2660 ¹⁴
201 2624 428 2720 cogitatione
447 2623 578 2711 lutura,
599 2623 785 2721 principes
802 2622 911 2698 simul
936 2642 974 2698 et
1003 2625 1170 2722 populos,
1189 2628 1297 2725 signo
1317 2626 1418 2702 velut

164 2749 184 2778 ‘⁸
203 2741 302 2828 datu,
329 2759 563 2829 monuerunt,
593 2767 640 2816 ne
668 2742 878 2839 separatis
907 2743 955 2815 ad
984 2743 1245 2841 decipiendum
1278 2745 1419 2819 artibus

164 2867 184 2896 “
204 2859 421 2957 insidiisque
438 2859 518 2957 capi
535 2875 762 2956 paterentur.

211 2991 244 3052 9.
266 2987 287 3015 “
310 2978 432 3051 Prima
450 2975 674 3076 significatio
693 2976 844 3074 periculi
864 3002 931 3073 per
950 2976 1186 3053 Clementem
1211 2980 1292 3053 Xll
1320 3005 1418 3054 anno

163 3106 184 3134 ‘⁴
210 3098 301 3189 1738
317 3094 437 3169 lacta:
463 3096 569 3169 cuius
588 3112 647 3168 est
673 3120 695 3167 a
716 3093 923 3169 Benedicto
941 3095 1039 3168 XIV
1056 3097 1275 3172 confirmata
1302 3123 1345 3173 ac
1363 3123 1419 3172 re·

165 3225 185 3254 ‘⁴
205 3232 343 3288 novata
361 3214 588 3289 constitutio.
611 3214 628 3241 ”

215 3336 276 3409 En
296 3354 472 3432 excerpta
489 3334 662 3433 quaedam
681 3359 730 3407 ex
752 3333 936 3408 ambobus
955 3333 1024 3407 illis
1042 3333 1287 3411 documentis.

217 3457 291 3531 Die
308 3482 399 3556 ergo
421 3479 467 3547 24
481 3455 622 3552 Aprilis
642 3457 735 3548 1738
751 3453 927 3529 Clemens
946 3454 1027 3528 Xll
1051 3456 1101 3529 ita
1114 3455 1256 3530 monuit
1275 3455 1419 3531 Orbem

164 3575 408 3649 catholicum:
429 3586 449 3615 ‘⁴
473 3575 516 3647 ln
545 3572 725 3648 eminenti
743 3573 990 3669 Apostolatus
1020 3574 1217 3670 specula...
1240 3576 1419 3649 constitu·

165 3689 239 3764 ti...
274 3689 531 3765 sollicitudinis
560 3689 683 3764 studia
713 3689 757 3761 iis
788 3690 1014 3764 intendimus
1033 3716 1101 3788 per
1117 3717 1211 3789 quae,
1233 3692 1419 3766 erroribus

166 3808 341 3906 vitiisque
358 3809 461 3884 aditu
490 3808 699 3894 intercluso,
720 3806 940 3881 orthodoxae
968 3808 1158 3906 religionis
1184 3811 1419 3907 potissimum

165 3944 335 4000 servetur
346 3927 541 4026 integritas
554 3943 667 4023 atque
680 3924 728 3998 ab
743 3925 921 3999 universo
934 3924 1118 4000 catholico
1130 3926 1419 4014 Orbe,difficilli·

167 4043 236 4117 mis
255 4043 357 4119 hisce
375 4044 606 4143 temporibus
629 4042 951 4139 perturbationum
970 4043 1133 4140 pericula
1151 4044 1414 4141 propellantur.

221 4165 385 4240 “Nobis
410 4166 569 4241 innotuit
601 4163 715 4263 longo
743 4165 892 4262 lateque
923 4165 1099 4263 progredi
1131 4183 1245 4263 atque
1274 4166 1311 4239 in
1338 4166 1419 4241 dies

166 4281 395 4358 invalescere
438 4281 634 4357 nonnullas
663 4284 875 4368 societates,
903 4301 1033 4367 coetus,
1068 4269 1284 4370 conventus,
1310 4283 1420 4359 colle·

166 4400 318 4486 ctiones,
335 4401 625 4500 aggregationes
638 4426 703 4474 seu
719 4399 1115 4498 conventicula,vulgo
1133 4400 1184 4473 (le'
1202 4401 1315 4474 liberi
1329 4403 1419 4474 Mu-

167 4520 293 4590 ratorz'
301 4545 366 4591 seu
379 4520 702 4592 Frena-mussans
722 4516 990 4614 nuncupatam
1004 4518 1138 4613 quibus
1157 4517 1422 4615 cujuscumque

179 4661 676 4669 ———-—--..--.--..⁴......—-——..
700 4662 1010 4669 ——-—-----———-—·-
1026 4663 1050 4667 -..
1330 4660 1410 4668 ....-..

208 4731 228 4768 r.
243 4716 299 4780 Ps,
311 4727 432 4780 uxxxn,
448 4731 501 4780 2-4.
