3496 5482
1310 487 1501 495 *—

244 550 312 618 132
653 544 746 594 rnen
773 544 832 594 sm
861 544 936 594 unx
967 544 1092 594 nonan.

931 646 1152 653 ——--——.
1161 648 1320 654 ———
1431 652 1493 658 ——

292 709 421 805 “Quo
448 730 583 782 everso
615 702 877 800 infirmatoque
905 702 1068 776 maximo
1098 701 1351 791 fundamento
1371 731 1500 780 conse·

241 839 262 868 “
281 851 400 924 quens
418 843 476 900 est
494 842 534 897 ut
553 822 614 897 illa
631 846 781 919 quoque
800 819 984 906 vacillent,
1006 846 1103 916 quae
1126 839 1256 895 natura
1275 823 1502 898 admonente

242 960 263 988 ‘⁸
282 961 568 1047 cognoscuntur,
584 960 737 1016 cunctas
769 967 827 1016 res
859 940 974 1015 libera
1003 940 1180 1016 creatoris
1215 942 1288 1016 Dei
1309 941 1502 1017 voluntate

241 1077 263 1106 ‘⁴
282 1066 451 1141 extitisse
469 1091 475 1152 ;
501 1062 680 1136 mundum
708 1060 944 1158 providentia
970 1060 1071 1157 regi:
1100 1059 1240 1134 nullum
1260 1087 1344 1135 esse
1363 1062 1502 1135 animo·

241 1198 360 1259 “rum
381 1181 568 1258 interitum
586 1208 594 1266 ;
612 1179 707 1266 huic,
728 1204 824 1275 quae
845 1179 880 1251 in
900 1179 1007 1253 terris
1039 1178 1170 1278 agitur,
1193 1177 1385 1252 hominum
1403 1179 1502 1253 vitae

244 1316 262 1344 “
284 1325 540 1379 successuram
559 1299 711 1373 alteram
732 1323 890 1395 eamque
909 1298 1186 1396 sempiternam.

289 1439 345 1541 (2)
367 1451 388 1479 “
406 1438 480 1512 His
492 1455 616 1511 autem
631 1433 794 1535 dilapsis,
811 1460 907 1531 quae
926 1453 1013 1509 sunt
1029 1453 1217 1532 tamquam
1235 1452 1388 1509 naturae
1403 1435 1501 1531 prin·

242 1571 262 1600 ‘¹
281 1559 386 1656 cipis,
416 1557 464 1630 ad
494 1553 748 1653 cognitionem
779 1578 963 1650 usumque
994 1554 1202 1651 praecipua,
1227 1551 1356 1650 quales
1391 1552 1502 1627 futuri

241 1688 261 1717 “
280 1676 353 1751 sint
372 1673 506 1773 privati
525 1670 738 1769 publicique
757 1695 891 1757 mores,
907 1670 1012 1745 sacile
1025 1688 1189 1769 apparet.
1211 1716 1260 1726 -
1280 1670 1442 1745 Silemus
1454 1671 1503 1745 de

242 1792 479 1869 “virtutibus
499 1788 752 1873 divinioribus,
773 1814 867 1885 quas
885 1788 1031 1887 absque
1046 1787 1224 1887 singulari
1255 1788 1328 1862 Dei
1349 1813 1503 1863 munere
1531 1885 1534 1890 ‚

242 1923 262 1953 ‘⁶
281 1930 318 1987 et
337 1912 437 1985 dono
457 1934 524 1982 nec
542 1932 718 1982 exercere
737 1926 862 2003 potest
881 1907 1088 2003 quisquam,
1109 1932 1177 1981 nec
1191 1906 1369 2004 consequi
1386 1934 1394 1995 ;
1413 1933 1502 2004 qua·

231 2026 262 2070 '⁴‘
276 2055 355 2104 rum
374 2026 541 2126 prolecto
570 2049 724 2099 necesse
751 2042 808 2099 est
836 2025 975 2097 nullum
996 2026 1032 2098 in
1053 2025 1096 2098 iis
1116 2025 1315 2124 vestigium
1337 2025 1499 2122 reperiri,

243 2160 262 2188 “
279 2147 342 2246 qui
358 2145 654 2243 redemptionem
681 2132 830 2241 generis
845 2143 1007 2229 humani,
1028 2143 1091 2239 qui
1110 2144 1268 2242 gratiam
1287 2141 1505 2228 coelestem,⁴

193 2318 197 2325 -
241 2266 343 2364 “qui
363 2280 604 2349 sacramenta,
618 2261 973 2359 adipiscendamque
1000 2261 1037 2334 in
1056 2261 1170 2336 coelis
1189 2261 1404 2336 felicitatem
1433 2284 1501 2358 pro

204 2478 207 2486 ¹
242 2395 263 2424 “
283 2383 420 2483 ignotis
438 2397 693 2478 aspernantur.

293 2531 314 2561 “
336 2520 397 2593 De
415 2516 546 2591 officiis
564 2516 758 2613 loquimur,
768 2540 864 2612 quae
882 2540 904 2587 a
923 2514 1079 2589 naturali
1095 2516 1292 2591 honestate
1305 2517 1504 2592 ducuntur.¹

182 2737 186 2744 ι
242 2650 262 2680 “
284 2638 419 2714 Mundi
438 2637 537 2712 enim
558 2635 698 2734 Opilex
718 2637 891 2732 idemque
918 2637 1097 2733 providus
1115 2638 1345 2736 gubernator
1366 2639 1472 2715 Deus
1495 2666 1502 2712 :

243 2769 262 2799 “
282 2758 342 2833 lex
360 2774 513 2832 aeterna
542 2753 747 2828 naturalem
767 2754 936 2835 ordinem
961 2757 1173 2829 conservari
1189 2757 1338 2854 jubens,
1360 2776 1502 2854 pertur-

193 2911 195 2915 ·
243 2877 354 2951 “bari
373 2893 506 2950 vetans
523 2900 530 2961 ;
550 2872 701 2946 ultimus
720 2872 912 2946 hominum
935 2872 1019 2947 finis
1048 2873 1163 2948 multo
1182 2873 1364 2948 excelsior
1392 2875 1503 2950 rebus

243 3006 263 3037 ¹⁴
283 2994 453 3069 humanis
465 3011 570 3066 extra
582 2991 673 3064 haec
689 2990 876 3067 mundana
892 2989 1052 3088 hospitia
1066 2993 1305 3066 constitutus:
1319 2994 1355 3066 hi
1370 2992 1503 3076 sontes,

241 3125 263 3194 ,“
284 3113 375 3187 haec
393 3110 574 3210 principia
591 3126 677 3182 sunt
697 3109 810 3182 totius
830 3108 990 3182 iustitiae
1009 3127 1046 3183 et
1066 3109 1283 3184 honestatis.
1309 3110 1366 3184 Ea
1385 3112 1416 3184 si
1436 3110 1500 3185 tol-

242 3244 262 3271 “
282 3230 518 3327 lantur,qu0d
534 3225 773 3301 naturalistae
788 3226 963 3323 idemque
978 3227 1178 3302 Massones
1190 3228 1504 3316 solent,continuo

244 3349 368 3423 “iusti
396 3365 434 3422 et
459 3346 583 3423 iniusti
614 3345 770 3419 scientia
800 3344 861 3417 ubi
894 3345 1083 3432 consistat,
1121 3364 1159 3420 et
1186 3373 1261 3444 quo
1285 3374 1327 3423 se
1359 3368 1506 3423 tueatur

246 3468 439 3541 “omnino
459 3489 533 3538 non
546 3462 709 3537 habebit.

240 3680 243 3684 Δ
294 3592 350 3694 (3)
372 3605 392 3633 ‘⁶
414 3594 466 3668 Et
487 3616 578 3666 sane
597 3590 791 3689 disciplina
810 3617 1073 3689 morum,quae
1095 3593 1316 3668 Massonum
1346 3594 1506 3670 familiae

247 3715 464 3812 “probatur
492 3712 611 3795 unice,
641 3730 779 3808 etqua
806 3710 994 3784 informari
1032 3710 1310 3788 adolescentem
1343 3733 1505 3788 aetatem

247 3843 268 3871 “
287 3832 519 3906 contendunt
537 3847 722 3925 oportere,
743 3854 787 3902 ea
806 3847 863 3903 est
890 3854 1002 3925 quam
1022 3848 1059 3903 et
1086 3828 1238 3903 civicam
1257 3832 1451 3905 nominant
1470 3849 1508 3905 et

248 3962 268 3990 “
287 3951 444 4025 solutam
456 3975 499 4024 ac
511 3949 694 4032 liberam·
705 3947 845 4021 scilicet
861 3948 897 4020 in
912 3972 987 4044 qua
1001 3948 1127 4045 opinio
1142 3948 1241 4022 nulla
1255 3950 1302 4023 sit
1317 3949 1508 4049 religionis

252 4066 441 4141 “inclusa.

296 4190 352 4293 (4)
374 4194 461 4266 “At
479 4217 570 4267 vero
594 4216 707 4288 quam
727 4190 834 4287 inops
854 4190 914 4263 illa
932 4190 989 4276 sit,
1010 4215 1122 4287 quam
1150 4191 1335 4268 firmitatis
1362 4218 1508 4291 experS,

253 4323 273 4351 ‘⁶
293 4329 329 4386 et
348 4312 396 4386 ad
414 4337 564 4387 omnem
584 4335 712 4384 auram
735 4310 980 4406 cupiditatum
999 4309 1155 4397 mobilis
1184 4314 1274 4386 satis
1301 4313 1511 4387 ostenditur

249 4442 269 4469 “
288 4456 336 4503 ex
355 4430 408 4514 iis,
425 4431 488 4527 qui
501 4429 636 4528 partim
656 4428 728 4501 iam
747 4446 939 4524 apparent,
961 4428 1197 4523 poenitendis
1216 4431 1406 4504 fructibus.
1432 4429 1511 4503 Ubi

250 4560 269 4586 “
288 4550 387 4622 enim
407 4575 564 4648 regnare
583 4547 644 4621 illa
665 4546 814 4620 liberius
834 4547 967 4644 coepit,
989 4547 1140 4622 demota
1167 4549 1248 4624 loco
1277 4551 1513 4625 institutione

250 4679 272 4708 “
289 4667 499 4771 christiana,
532 4670 581 4743 ibi
608 4665 778 4741 celeriter
803 4668 974 4765 deperire
1001 4669 1107 4764 probi
1128 4670 1337 4770 integrique
1358 4696 1480 4744 mores
1505 4692 1515 4753 ;
