3496 5482
668 581 790 631 CAPUT
817 579 980 630 PRIMUM.
1411 582 1450 631 11

250 747 388 846 Agitur
405 747 453 820 de
474 747 591 835 Urbe,
607 747 655 821 de
670 747 793 820 Roma
812 745 871 820 illa
889 771 1003 835 sacra,
1018 749 1066 821 de
1078 745 1231 821 civitate
1245 745 1455 820 eminenter

199 864 388 952 catholica,
404 891 489 962 quae
518 866 767 962 praeordinata
791 864 859 939 suit
884 891 906 938 a
923 865 1008 939 Deo
1037 882 1076 938 ut
1093 883 1205 960 caput
1224 880 1325 938 esset
1340 863 1455 938 Orbis

198 982 569 1070 christiani,centrum
587 983 930 1083 Religionis,Sedes
942 983 1079 1057 Vicarii
1094 982 1180 1056 Filii
1196 982 1266 1069 sui;
1280 1007 1365 1079 quae
1378 999 1454 1056 tam

200 1100 417 1175 mirabiliter
437 1101 505 1178 luit
523 1120 745 1177 conservata
764 1127 831 1200 per
850 1118 906 1176 tot
919 1100 1080 1190 saecula,
1107 1125 1192 1198 quae
1211 1119 1355 1174 sacrata
1384 1099 1452 1174 suit

201 1220 287 1306 vita,
308 1218 509 1307 laboribus,
532 1222 669 1294 sudore
688 1240 725 1294 et
744 1219 928 1319 sanguine
954 1236 1010 1293 tot
1043 1217 1198 1291 millium
1230 1235 1456 1293 sanctorum.

253 1351 287 1410 4.
307 1337 446 1435 Agitur
464 1357 501 1412 et
520 1339 567 1413 de
586 1339 697 1412 rebus
718 1338 873 1411 nostris!
895 1338 996 1411 Nam
1026 1339 1063 1411 in
1089 1338 1260 1410 Romana
1287 1335 1458 1410 Ecclesia

202 1481 276 1530 non
305 1482 434 1529 sumus
463 1457 632 1553 hospites
660 1475 698 1530 et
725 1458 893 1540 advenae,
925 1455 993 1529 sed
1024 1456 1127 1529 cives
1157 1455 1380 1529 Sanctorum
1417 1471 1456 1529 et

203 1573 397 1648 domestici
420 1574 504 1659 Dei,
527 1574 601 1650 imo
626 1573 859 1649 filiifamilias.
884 1574 919 1646 N
925 1599 974 1647 on
1006 1572 1133 1648 Italica
1153 1590 1296 1647 tantum
1325 1574 1394 1647 sed
1423 1590 1460 1646 et

207 1693 368 1793 Belgica,
386 1713 422 1769 et
446 1693 679 1783 Hollandica,
702 1712 740 1768 et
754 1693 925 1793 Anglica,
946 1713 984 1766 et
1000 1692 1234 1779 Germanica,
1251 1711 1289 1766 et
1305 1691 1458 1778 Gallica,

201 1832 239 1887 et
257 1813 477 1909 Hispanica,
492 1831 530 1887 et
545 1813 780 1899 Americana,
795 1838 870 1885 uno
889 1811 1016 1897 verbo,
1033 1810 1263 1896 universalis,
1285 1810 1457 1883 nimirum

202 1931 368 2006 omnium
388 1956 477 2004 vere
505 1930 802 2014 christianorum,
822 1956 889 2005 seu
920 1927 1101 2003 catholica
1129 1946 1186 2003 est
1204 1928 1363 2026 quaestio
1384 1928 1460 2001 Ro-

203 2075 323 2123 mana.
358 2048 419 2123 Sic
446 2073 548 2122 more
571 2047 876 2122 Machabaeorum
908 2065 1058 2145 oportet
1088 2046 1319 2120 vindicemus
1352 2046 1459 2121 nobis

204 2168 459 2243 haereditatem
482 2169 632 2242 Patrum
657 2186 876 2253 nostrorum,
912 2193 1023 2265 quam
1061 2167 1198 2265 injuste
1233 2166 1458 2264 aliquamdiu

204 2290 331 2365 hostes
346 2290 557 2387 possedere.
578 2290 821 2364 Vindicemus
840 2308 876 2363 et
889 2288 1109 2388 sanguinem
1127 2286 1299 2361 Fratrum
1314 2306 1458 2361 nostro·

203 2436 294 2498 rum,
310 2409 465 2483 militum
484 2408 538 2481 Pii
555 2409 623 2493 lX,
637 2407 884 2506 gloriosorum
905 2407 1048 2481 illorum
1061 2408 1287 2492 Zuauorum,
1308 2407 1371 2504 qui
1391 2431 1459 2504 pro

200 2530 344 2630 justitia
361 2547 400 2602 et
418 2528 516 2601 Petri
530 2526 640 2601 Sedis
653 2526 801 2624 juribus
819 2526 931 2600 occisi
950 2536 1074 2610 sunt,“
1090 2526 1265 2623 quoniam
1285 2526 1387 2622 quod
1402 2544 1460 2599 est

204 2650 366 2735 honoris,
387 2647 527 2746 gloriae,
548 2665 585 2720 et
606 2646 857 2732 virtutis·Dei‚
877 2665 914 2720 et
932 2646 995 2742 qui
1016 2663 1074 2718 est
1085 2645 1167 2742 ejus
1179 2643 1332 2741 spiritus
1348 2669 1461 2740 super

204 2796 271 2847 eos
290 2764 598 2865 requiescebat(¹)
614 2766 621 2839 !
636 2766 653 2791 '¹

256 2885 394 2984 Agitur
412 2883 459 2955 de
474 2880 706 2956 debellandis
733 2882 963 2978 principibus
992 2883 1229 2957 tenebrarum
1259 2900 1295 2956 et
1316 2905 1462 2956 eorum·

206 3003 291 3077 dem
310 2999 462 3074 asseclis
480 3000 786 3096 quibuscumque,
808 3000 1029 3073 massonicae
1047 3017 1161 3073 sectae
1179 2998 1347 3073 addictis.

257 3121 396 3218 Agitur
413 3119 461 3192 de
479 3117 748 3215 confringenda
767 3118 921 3191 audacia
939 3117 1150 3191 socialismi.

258 3239 396 3338 Agitur
413 3237 460 3309 de
480 3235 708 3331 imponendo
727 3235 800 3309 line
820 3236 904 3308 huic
924 3235 1076 3309 famosae
1088 3237 1179 3331 paci
1190 3246 1355 3319 armatae,
1377 3260 1464 3307 cun-

207 3357 276 3431 ctis
297 3356 461 3450 Europae
481 3353 657 3451 gentibus
677 3372 873 3450 tantopere
893 3354 1045 3428 nocivae.

258 3474 397 3574 Agitur
414 3473 462 3546 de
481 3471 629 3546 tuendis
644 3471 801 3569 justitiae
820 3497 862 3544 ac
878 3472 1115 3568 proprietatis
1128 3473 1275 3570 juribus
1292 3467 1464 3545 naturali·

209 3594 279 3666 bus
299 3593 335 3665 in
355 3616 504 3691 genere.

260 3709 398 3809 Agitur
414 3709 462 3782 de
478 3707 706 3782 confutando
726 3706 1006 3805 egoismo,lalso
1020 3708 1174 3781 nomine
1193 3707 1363 3804 principii
1378 3731 1466 3781 non·

211 3829 487 3904 alterventz‘onis
503 3828 695 3926 insignito.

261 3949 400 4049 Agitur
418 3949 466 4023 de
484 3948 656 4022 sovendis
684 3948 825 4034 studiis,
843 3948 1016 4035 scientiis,
1035 3947 1166 4023 litteris
1192 3965 1304 4045 atque
1326 3946 1467 4021 artibus

212 4068 391 4143 honestis.

262 4190 400 4288 Agitur
428 4190 476 4264 de
506 4191 710 4287 praebendo
739 4188 913 4286 exemplo
943 4188 1156 4261 nationibus
1189 4185 1374 4270 omnibus,
1403 4208 1469 4280 pet

212 4309 401 4405 specimen
430 4309 602 4407 gubernii
633 4309 785 4408 genuini
806 4326 917 4404 atque
937 4307 1082 4403 paterni
1101 4304 1146 4405 (²)
1166 4350 1215 4361 -
1236 4314 1255 4343 ‘¹
1276 4329 1350 4377 non
1369 4300 1469 4400 quali

214 4430 371 4528 populus
392 4433 505 4504 utitur
534 4457 629 4504 unus
663 4430 720 4503 vel
754 4430 856 4515 alter,
878 4431 944 4504 sed
971 4428 1080 4527 quale
1100 4448 1137 4502 et
1157 4426 1236 4500 vult
1255 4444 1356 4499 recta
1376 4424 1469 4496 ratio

530 4584 574 4589 —.
601 4584 746 4590 ...-...—.....
1126 4583 1309 4589 ——-
1322 4580 1383 4587 .----

254 4644 274 4681 1.
289 4628 364 4682 Pelr.
387 4640 418 4681 tv
442 4644 450 4681 ι
478 4672 484 4683 .

251 4723 275 4764 2.
288 4644 673 4779 Palloltinisslacerdotiumet
683 4710 848 4781 Imperium,
865 4708 905 4778 11,
918 4725 980 4778 cap.
994 4723 1016 4775 r,
1030 4719 1080 4762 art.
1093 4722 1116 4763 2.
