3496 5482
244 541 316 611 268
659 565 752 616 enan
778 565 837 617 srr
865 566 939 616 nux
968 566 1093 617 noum.

991 671 1087 678 ——-·-
1099 672 1191 678 --.-
1206 671 1306 677 -—--.-
1316 671 1354 676 -.-
1366 667 1490 676 ——-

150 815 152 819 ⁷
243 718 426 817 principio
440 722 542 797 vitali
557 724 789 814 animantur;
809 725 845 799 id
860 744 926 812 est,
944 744 983 801 ut
997 727 1048 801 ait
1069 727 1149 803 Leo
1164 726 1283 814 XIII,
1303 737 1323 766 ‘⁸
1335 751 1501 801 commu·

245 837 357 913 nlone
376 841 536 936 quadam
557 843 737 940 propositi
756 869 1061 943 summorumque
1088 845 1357 921 sententiarum
1376 841 1502 918 simili·

244 955 375 1030 tudine
407 956 514 1056 (qua)
546 960 642 1034 inter
659 987 701 1035 se
729 961 999 1049 contineantur,
1032 989 1071 1039 re
1100 962 1385 1063 (congruentes)
1417 986 1501 1036 cum

245 1090 350 1150 secta
370 1076 603 1154 Massonum.
625 1079 642 1107 ”
671 1126 722 1137 —
755 1091 774 1119 ‘⁴
799 1082 905 1167 Item,
929 1082 1052 1181 pergit
1087 1082 1185 1156 idem
1207 1080 1391 1165 Pontifex,
1411 1104 1502 1155 non·

245 1189 363 1265 nullas
395 1193 560 1270 locorum
592 1214 853 1296 temporumve
885 1201 979 1275 ratio
1005 1226 1073 1275 sua
1100 1201 1164 1275 det
1194 1201 1337 1275 minora
1363 1199 1500 1286 conari,

245 1331 357 1405 quam
370 1329 433 1387 aut
449 1315 551 1411 ipsae
564 1315 703 1392 vellent
717 1335 781 1392 aut
793 1336 963 1393 caeterae
975 1317 1097 1394 solent
1113 1346 1121 1393 :
1137 1344 1211 1394 non
1227 1318 1363 1393 idcirco
1375 1334 1502 1393 tamen

246 1424 389 1503 alienae
418 1458 438 1504 a
470 1433 686 1510 Massonico
718 1435 867 1510 loedere
904 1435 1101 1533 putandae,
1125 1437 1212 1534 quia
1244 1434 1501 1510 Massonicum

186 1624 191 1631 ἢ
247 1545 379 1622 foedus
400 1575 473 1624 non
493 1570 569 1626 tam
584 1570 640 1627 est
659 1554 707 1627 ab
725 1555 817 1628 actis
835 1554 1086 1653 perfectisque
1106 1555 1226 1642 rebus,
1246 1578 1359 1653 quam
1379 1579 1401 1628 a
1418 1577 1502 1628 sen·

246 1665 444 1741 tentiarum
466 1695 612 1745 summa
630 1671 868 1746 indicandum
888 1670 942 1770 (¹).
964 1672 981 1699 ''

299 1782 483 1878 Quaenam
510 1814 602 1864 vero
632 1790 712 1865 haec
740 1816 887 1864 summa
917 1791 965 1865 sit
996 1791 1276 1878 sententiarum,
1308 1790 1387 1865 haec
1419 1788 1503 1864 idea

246 1903 394 1987 motrix,
422 1932 505 2003 quae
541 1908 666 1982 vivam
699 1926 863 1984 mentem
898 1928 1011 1985 sectae
1045 1909 1256 1997 constituat,
1288 1926 1327 1984 et
1356 1907 1502 1982 animus

247 2022 424 2118 appellari
457 2026 579 2103 valeat
611 2055 686 2127 quo
716 2056 848 2105 omnes
876 2047 913 2104 et
940 2028 1098 2129 singulae
1117 2048 1229 2105 sectae
1259 2027 1502 2107 clandestinas

248 2136 362 2215 imbui
381 2141 513 2233 solent,
534 2149 623 2222 satis
647 2174 834 2246 superque
853 2166 955 2245 patet
973 2175 1020 2222 ex
1053 2148 1127 2223 fine
1146 2148 1345 2224 universali
1365 2165 1402 2223 et
1420 2145 1503 2222 ulti·

247 2282 309 2332 mo
328 2260 386 2335 cui
404 2288 536 2339 omnes
555 2284 592 2340 et
610 2266 745 2365 singuli
764 2267 973 2352 Massones,
987 2265 1047 2340 alii
1063 2267 1233 2355 scienter,
1250 2267 1309 2341 alii
1330 2267 1503 2366 ignoran·
1556 2319 1563 2327 -

249 2398 315 2469 ter,
349 2409 568 2463 concurrere
597 2389 685 2464 totis
714 2389 854 2462 viribus
882 2406 1081 2488 satagunt;
1100 2406 1140 2463 ut
1169 2414 1304 2486 nempe
1332 2385 1504 2462 absoluta

249 2498 459 2580 dominatio
477 2525 589 2581 sectae
607 2525 872 2605 promoveatur
890 2523 1002 2603 atque
1021 2506 1234 2580 adstruatur
1252 2507 1288 2580 in
1308 2504 1458 2580 mundo.
1477 2575 1481 2580 .

302 2619 362 2694 De
381 2625 524 2698 caeteris
543 2627 840 2723 quibuscumque
858 2650 983 2698 curam
1003 2624 1143 2699 habent
1162 2624 1270 2722 primi
1294 2624 1503 2699 moderato·

250 2760 309 2810 res
327 2758 440 2816 sectae
457 2771 464 2830 ;
484 2762 532 2830 et,
553 2770 665 2842 quum
683 2745 719 2818 in
738 2743 807 2818 hac
827 2743 1083 2817 dominatione
1098 2768 1206 2818 suum
1226 2743 1359 2841 cuique
1378 2741 1433 2816 Ias
1445 2756 1505 2815 est

249 2855 402 2954 explere
420 2863 627 2958 appetitum
646 2891 653 2950 ;
672 2863 760 2937 dum
776 2861 835 2935 alii
856 2860 1060 2958 temporale
1072 2857 1366 2936 emolumentum
1378 2883 1504 2958 prose·

250 3090 340 3180 lunt,
373 3094 434 3170 alii
470 3099 621 3173 tandem
658 3098 841 3173 honorum
878 3098 1027 3197 fastigia
1061 3099 1314 3172 conscendere
1351 3095 1505 3182 inhiant,

251 3213 400 3311 ipsimet
432 3219 633 3318 pervigiles
664 3220 778 3295 duces
810 3236 942 3293 cuncta
971 3218 1185 3316 disponunt,
1217 3218 1264 3291 ad
1301 3217 1506 3317 genuinum

251 3331 363 3408 finem
395 3356 507 3412 sectae
538 3364 650 3437 quam
682 3338 850 3435 proxime
878 3354 915 3413 et
946 3361 1058 3435 quam
1077 3335 1277 3411 efficaciter
1306 3359 1507 3433 assequen-

251 3451 340 3525 dum
361 3452 414 3552 (²).
983 3474 984 3477 ’

306 3570 504 3647 Habemus
522 3575 762 3649 confitentem
778 3600 880 3648 reum
894 3576 947 3649 l...
968 3575 1123 3648 “Verus
1142 3574 1384 3672 paganismus
1399 3571 1508 3648 nobis

205 3674 207 3678 ⁵
252 3705 310 3763 est
328 3689 474 3766 affinior
487 3720 599 3791 quam
615 3693 910 3768 christianismus
930 3692 1036 3767 ullus.
1052 3692 1069 3719 ”
1085 3691 1149 3766 Sic
1167 3691 1312 3767 locutus
1331 3709 1388 3767 est
1407 3717 1508 3765 asse·

252 3807 309 3881 cla
327 3827 441 3885 sectae
471 3813 656 3911 egregius,
688 3813 887 3886 Mauritius
909 3811 1047 3886 Muller
1078 3812 1257 3910 Jochmus
1278 3810 1331 3912 (³)
1372 3811 1508 3885 “Dari

254 3928 552 4016 massonismum,
575 3930 711 4004 latetur
741 3929 912 4004 manuale
930 3930 1121 4028 quoddam
1143 3931 1393 4005 massonicum
1413 3929 1506 4005 Ger·

253 4044 397 4131 maniae,
419 4047 481 4144 qui
501 4047 560 4122 vel
580 4068 727 4145 saperet
759 4049 966 4122 doctrinam
986 4047 1236 4134 christianam,
1268 4048 1366 4121 haud
1386 4046 1508 4120 minus

253 4162 437 4238 absonum
469 4183 579 4251 esset,
613 4191 724 4263 quam
755 4166 833 4239 dari
865 4164 1041 4239 circulum
1071 4165 1291 4264 quadratum
1324 4162 1379 4264 (⁴).
1412 4164 1429 4192 ”
1465 4162 1509 4236 In

292 4342 312 4380 1.
334 4328 449 4397 Encycl.
465 4329 634 4381 Humanum
643 4345 742 4396 genus,
757 4345 792 4382 20
804 4330 870 4397 Apr.
889 4330 962 4394 1884.

288 4421 312 4460 2.
334 4407 458 4477 Onclair,
482 4426 507 4478 p.
530 4422 589 4476 304.
608 4437 641 4446 -
657 4410 748 4462 Satan
761 4415 788 4461 et
807 4408 831 4462 C
833 4415 858 4476 ¹⁶,
878 4425 929 4480 par
948 4408 1017 4463 Paul
1040 4410 1143 4463 Rosen.
1166 4407 1360 4464 Glorification
1380 4407 1419 4463 du
1437 4407 1510 4477 vice,

252 4503 278 4555 p.
296 4501 353 4540 121.

238 4602 240 4606 ν
289 4581 313 4632 3.
332 4567 377 4621 La
387 4567 672 4636 From-mafonnerie
690 4584 723 4621 cn
741 4566 891 4622 elle-meme
902 4573 930 4621 et
949 4568 1022 4622 dam
1033 4584 1076 4622 scs
1096 4571 1238 4637 rapports,
1258 4583 1309 4638 par
1334 4566 1426 4622 l'abbe
1440 4568 1508 4637 Gyr,

253 4644 449 4794 opaga&
461 4727 591 4783 POrient.
602 4755 636 4765 -
652 4727 767 4783 Manuel
782 4744 852 4799 pour
864 4743 988 4799 maqons.
1002 4757 1037 4766 -
1051 4727 1210 4798 Hamburg,
1226 4727 1300 4799 1845.
