3496 5482
603 506 726 557 cxnur
752 506 933 559 oscinum
959 507 1150 572 QU1NTUM.
1436 509 1508 584 377

247 663 310 739 bili
332 664 512 740 Ecclesiae
529 665 640 762 capiti
660 690 727 739 sua
740 664 851 763 plena
865 664 1028 753 libertas,
1040 674 1075 739 et
1087 668 1194 742 civili
1201 671 1368 748 societati
1387 670 1510 771 oplala

252 785 521 882 tranquillitas.
1391 788 1394 797 ’

299 912 321 940 “
345 902 387 976 ln
406 901 464 977 his
483 901 655 999 precibus
674 927 762 999 spes
784 901 938 976 Nostrae
956 900 1099 977 firmius
1123 903 1161 978 in
1182 905 1269 982 Deo
1287 909 1508 986 consistant.

249 1063 301 1076 —
322 1019 558 1095 “'Putatisne
586 1018 722 1118 (inquit
743 1019 783 1095 S.
807 1019 1035 1120 Bernardus)
1055 1039 1226 1098 avertere
1244 1028 1382 1122 poterit
1405 1028 1511 1103 Deus

248 1161 375 1212 aurern
390 1164 413 1211 a
425 1137 616 1213 carissima
630 1162 769 1234 sponsa
784 1162 859 1222 sua,
874 1163 958 1212 cum
973 1136 1190 1215 clamaverit
1204 1161 1308 1218 stans
1329 1144 1510 1221 adversus

248 1281 313 1330 eos
332 1257 395 1355 qui
413 1282 455 1331 se
472 1255 806 1356 angustiaverunt?
822 1255 1026 1351 Quomodo
1041 1280 1115 1330 non
1135 1281 1379 1359 recognoscet
1398 1289 1440 1337 os
1460 1265 1510 1340 de

249 1377 396 1451 ossibus
414 1377 491 1451 suis
509 1395 547 1452 et
565 1401 715 1450 carnem
736 1377 784 1450 de
801 1400 913 1450 carne
930 1369 1009 1463 sua,
1030 1376 1105 1450 imo
1124 1401 1215 1453 vero
1229 1381 1307 1478 jam
1328 1383 1509 1480 quodam·

248 1497 361 1570 modo
378 1496 547 1594 spiritum
562 1495 609 1590 de
623 1494 754 1592 spiritu
770 1494 860 1569 suo?
881 1495 952 1570 Est
966 1495 1117 1593 quidem
1130 1523 1227 1573 nunc
1248 1498 1339 1576 hora
1360 1501 1509 1577 malitiae

248 1631 285 1688 et
315 1633 481 1711 potestas
510 1613 760 1688 tenebrarum.
794 1613 972 1688 Ceterum
1010 1613 1101 1690 hora
1138 1617 1342 1692 novissima
1377 1638 1435 1695 est
1470 1638 1507 1697 et

247 1756 415 1835 potestas
433 1739 508 1814 cito
527 1738 670 1812 transit.
700 1736 775 1813 Dei
802 1737 920 1812 virtus
939 1755 977 1813 et
1005 1737 1079 1812 Dei
1106 1737 1300 1836 sapientia,
1322 1736 1506 1824 Christus,

248 1859 440 1933 nobiscum
463 1876 529 1946 est,
550 1857 614 1956 qui
633 1875 671 1934 et
690 1857 726 1931 in
745 1873 943 1934 causaest.
964 1856 1164 1946 Confidite‚
1189 1857 1277 1957 Ipse
1296 1856 1384 1934 vicit
1403 1884 1507 1933 mun·

251 1976 340 2052 dum
359 1974 414 2077 (¹).
435 1977 454 2006 ’'

302 2105 323 2135 ⁴‘
346 2095 501 2171 Interim
521 2120 653 2169 vocem
672 2111 823 2169 aeternae
843 2094 1010 2170 veritatis
1030 2120 1168 2195 magno
1197 2095 1323 2170 animo
1347 2113 1385 2171 et
1407 2115 1508 2171 certa

249 2213 321 2288 fide
340 2239 550 2312 sequamur,
572 2239 656 2311 quae
674 2213 785 2288 dicit:
806 2215 914 2288 “Pro
926 2214 1074 2313 justitia
1088 2212 1287 2316 agonizare
1301 2240 1370 2314 pro
1384 2216 1508 2290 anima

248 2351 320 2419 tua,
341 2351 379 2406 et
398 2357 516 2430 usque
538 2331 585 2405 ad
604 2349 762 2406 mortem
786 2350 887 2406 certa
906 2357 973 2430 pro
1002 2331 1156 2430 justitia,
1189 2352 1227 2409 et
1259 2334 1366 2409 Deus
1391 2324 1506 2431 expu-

248 2451 380 2548 gnabit
399 2476 466 2548 pro
485 2468 522 2525 te
542 2450 711 2535 inimicos
730 2468 814 2525 tuos
836 2448 889 2550 (²)
912 2452 930 2478 '’

298 2582 352 2643 14.
374 2568 550 2643 Oremus!
571 2568 824 2665 Omnipotens
842 2569 1071 2666 sempiterne
1087 2570 1204 2657 Deus,
1221 2571 1257 2645 in
1272 2571 1377 2669 cujus
1392 2596 1502 2645 manu

245 2704 331 2760 sunt
362 2687 527 2761 omnium
548 2703 765 2782 potestates,
786 2704 824 2761 et
842 2687 1008 2761 omnium
1023 2688 1108 2787 jura
1128 2713 1338 2787 regnorum,
1361 2689 1505 2786 respice

247 2805 283 2878 in
320 2804 496 2880 auxilium
535 2804 716 2881 Ecclesiae
753 2824 836 2890 tuae,
871 2825 910 2880 ut
946 2825 1048 2882 secta
1087 2807 1313 2893 Massonica,
1347 2832 1431 2904 quae
1468 2808 1504 2881 in

245 2923 428 2998 diabolica
457 2950 524 2998 sua
550 2924 688 3001 astutia
715 2922 879 3010 confidit,
902 2924 1068 3000 dexterae
1087 2943 1159 2999 tuae
1178 2926 1347 3024 potentia
1378 2943 1504 3001 conte·

248 3059 357 3116 ratur.
1484 3070 1485 3074 ¹

298 3159 461 3234 Oramus
498 3159 567 3244 Te,
609 3159 784 3244 Domine,
823 3177 863 3234 ut
898 3157 987 3233 olim
1022 3159 1171 3234 humilis
1210 3159 1504 3236 Mardochaeus:

246 3286 266 3315 “
289 3277 465 3361 Domine,
489 3277 663 3363 Domine,
694 3278 778 3352 Rex
805 3277 1058 3375 omnipotens!
1090 3278 1295 3353 inditione
1322 3279 1421 3353 enirn
1441 3298 1505 3355 tua

238 3415 376 3470 cuncta
394 3414 480 3470 sunt
499 3395 632 3494 posita,
653 3413 691 3471 et
711 3421 785 3469 non
800 3414 858 3471 est
875 3397 939 3494 qui
959 3397 1077 3494 possit
1097 3415 1170 3471 tuae
1185 3397 1359 3472 resistere
1374 3396 1503 3472 volun-

244 3517 321 3602 tati,
338 3519 368 3591 si
388 3518 600 3592 decreveris
618 3515 764 3592 salvare
787 3516 912 3592 Israel.
930 3517 991 3592 Tu
1012 3516 1130 3591 iecisti
1150 3515 1281 3591 caelum
1300 3535 1339 3592 et
1352 3535 1501 3604 terram,

243 3655 280 3711 et
306 3637 486 3736 quidquid
510 3635 589 3711 caeli
608 3635 750 3712 ambitu
776 3639 997 3711 continetur.
1035 3636 1221 3712 Dominus
1251 3637 1417 3710 omnium
1450 3661 1500 3724 es,

246 3781 312 3830 nec
331 3775 388 3831 est
407 3756 469 3854 qui
490 3756 638 3830 resistat
660 3755 854 3852 Majestati
874 3773 957 3829 tuae.

297 3887 317 3916 ‘⁴
340 3876 391 3950 Et
406 3902 514 3962 nunc,
537 3876 703 3950 Domine
723 3875 817 3959 Rex,
840 3875 1016 3949 miserere
1035 3873 1162 3973 populi
1181 3874 1243 3961 tui,
1265 3874 1352 3972 quia
1371 3872 1501 3948 volunt

246 4021 314 4070 nos
333 3997 470 4071 inimici
490 3997 606 4071 nostri
626 3997 792 4095 perdere,
813 4013 851 4069 et
870 3994 1127 4069 haereditatem
1148 4012 1248 4069 tuam
1269 3992 1415 4068 delere!

297 4126 316 4154 “
340 4116 401 4190 Ne
429 4115 613 4213 despicias
643 4134 785 4212 partem
819 4133 931 4201 tuam,
965 4140 1077 4212 quam
1110 4113 1299 4190 redemisti
1337 4111 1425 4185 Tibi
1453 4112 1501 4186 de

243 4233 428 4332 AEgypto.
461 4233 609 4307 Exaudi
642 4233 943 4330 deprecationem
976 4257 1108 4316 meam,
1137 4250 1175 4306 et
1206 4230 1389 4329 propitius
1416 4246 1499 4304 esto

242 4352 332 4426 sorti
351 4371 389 4428 et
408 4351 570 4426 funiculo
585 4369 660 4437 tuo,
674 4369 711 4426 et
725 4369 904 4426 converte
918 4350 1056 4425 luctum
1072 4368 1239 4424 nostrum
1255 4349 1291 4423 in
1306 4347 1495 4447 gaudium,

313 4516 357 4522 .—.
379 4514 611 4521 ...-.-—--..-.-—
624 4513 906 4519 ——-·—-——m-.
1165 4506 1500 4518 m-——w

282 4605 303 4644 t.
324 4590 352 4644 S.
368 4590 460 4656 Bern,
475 4589 564 4659 Epist.
579 4595 611 4643 n⁰
622 4589 639 4643 6
652 4597 680 4643 et
696 4603 735 4655 14

277 4685 299 4725 2.
320 4669 406 4738 Eccl,
423 4670 471 4739 1V,
486 4684 526 4740 33.
541 4700 574 4708 -
590 4669 656 4723 Pius
671 4668 852 4740 lx,Encyc1.
870 4681 899 4740 15
917 4667 986 4723 Maii
1003 4668 1077 4736 1871.
