3496 5482
335 540 405 613 174
743 543 836 592 rapu
863 541 922 591 sir
950 541 1023 589 nux
1054 539 1180 589 noua.

587 646 786 654 --.---.--.
792 647 801 652 .
812 645 1003 653 ...—-.—.⁴-.-
1015 641 1276 651 ..—————-—-—-—

325 717 454 786 ratam,
481 700 618 775 lactum
648 699 816 773 divinum
848 699 1021 784 diximus,
1053 724 1101 773 ex
1145 696 1325 795 singulari
1360 721 1435 794 quo
1471 695 1588 794 fulget

310 818 578 893 Providentiae
614 816 770 892 consilio
799 845 807 904 3
838 815 1030 914 quomodo
1066 816 1204 889 sactum
1242 813 1474 912 spoliationis
1505 815 1588 911 ejus

326 937 571 1034 nuncupaturi
589 936 716 1020 simus,
732 934 832 1008 haud
849 933 999 1008 difficile
1017 953 1075 1008 est
1092 935 1206 1008 dictu.
1231 933 1320 1007 Non
1339 951 1440 1007 certe
1460 932 1587 1006 innixa

231 1078 234 1088 ·
326 1073 451 1130 manet
472 1054 650 1155 singulari
673 1054 926 1128 Providentiae
943 1052 1109 1140 consiliu,
1132 1051 1297 1127 violenta
1316 1072 1354 1126 et
1377 1052 1586 1149 perniciosa
1660 1114 1666 1123 .

325 1172 385 1246 illa
413 1173 653 1270 depraedatio.
678 1173 709 1246 F
712 1192 882 1246 ateamur
901 1172 1014 1272 igitur
1039 1171 1127 1245 illud
1147 1170 1284 1244 lactum
1304 1170 1491 1245 erroribus
1510 1168 1586 1266 ple·

325 1316 413 1364 num
432 1311 470 1364 et
487 1291 656 1365 societati
685 1290 829 1363 ruinam
861 1307 1001 1364 certam
1033 1289 1238 1387 propinans
1266 1287 1482 1362 scandalum
1502 1311 1587 1361 esse

325 1407 528 1482 maximum
547 1408 726 1508 singulari
749 1409 982 1482 Potestatum
1003 1408 1241 1481 tenebrarum
1260 1425 1371 1504 pacto
1396 1425 1585 1504 perpetra·

325 1545 414 1600 tum.

373 1657 408 1718 2.
430 1647 506 1721 Fas
524 1664 581 1721 est
599 1646 842 1744 dicere,quod
858 1647 894 1720 in
910 1646 992 1743 ipso
1006 1646 1187 1720 conflatur
1201 1664 1239 1720 et
1256 1646 1468 1719 incarnatur
1478 1644 1586 1741 quid-

322 1765 412 1861 quid
432 1765 523 1852 salsi,
540 1766 723 1863 quidquid
742 1765 868 1863 iniqui,
888 1766 1071 1863 quidquid
1090 1765 1213 1843 nocivi
1230 1765 1332 1840 hisce
1351 1762 1584 1861 temporibus

324 1884 579 1979 procreaverit
596 1901 634 1957 et
653 1882 748 1958 lovit
775 1908 896 1957 novus
916 1883 986 1958 iste
1005 1884 1257 1982 paganismus,
1279 1909 1353 1957 non
1373 1899 1518 1956 tantum
1547 1880 1583 1953 in

328 2000 443 2088 ltalia,
466 2000 597 2087 Gallia,
620 2000 833 2085 Germania,
855 2002 994 2100 Anglia
1008 2004 1075 2077 sed
1095 2003 1131 2076 in
1148 2003 1302 2100 Europa
1321 2003 1505 2078 universa.
1526 2000 1584 2074 Ita

325 2120 629 2217 retrospiciendo‚
650 2144 822 2193 cerneres
850 2120 886 2193 in
918 2146 964 2194 eo
993 2121 1074 2194 solo
1101 2146 1233 2195 omnes
1258 2146 1402 2196 errores
1425 2118 1582 2194 sociales

323 2237 429 2332 quasi
448 2255 643 2311 concretos
661 2254 699 2311 et
717 2255 966 2325 consecratos,
987 2236 1134 2336 publico
1163 2237 1260 2312 lacto
1287 2238 1451 2312 sancitos
1469 2254 1582 2333 atque

323 2379 345 2426 a
367 2355 620 2430 Potestatibus
640 2355 749 2455 hujus
768 2357 893 2431 saeculi
913 2355 1059 2455 populis
1078 2356 1266 2431 exhibitos
1293 2357 1330 2430 in
1350 2355 1578 2453 exemplum.

327 2471 426 2547 Proh
445 2474 574 2548 dolor!

374 2590 464 2688 Jure
488 2594 696 2691 meritoque
726 2594 848 2693 igitur,
873 2595 961 2668 Pius
992 2595 1095 2690 Papa
1130 2594 1198 2676 lX,
1217 2594 1385 2669 alludens
1415 2596 1581 2693 iniquum

326 2708 478 2783 modum
496 2713 634 2808 agendi
649 2737 724 2808 quo
743 2737 876 2785 omnes
899 2713 1109 2808 Potestates
1127 2712 1222 2785 clarn
1241 2715 1454 2810 conspirare
1479 2715 1581 2787 vide·

324 2827 459 2901 bantur
474 2829 509 2901 in
522 2830 756 2904 eversionem
776 2830 944 2903 Dominii
959 2830 1174 2927 temporalis
1189 2831 1227 2904 S.
1248 2832 1358 2915 Petri,
1378 2833 1431 2906 sic
1443 2833 1583 2907 lamen·

325 2961 423 3017 tatus
442 2963 521 3020 est:
553 2956 574 2984 “
591 2947 692 3020 Hinc
713 2964 925 3044 opportuna
945 2947 1052 3021 nobis
1071 2949 1187 3021 oritur
1214 2950 1361 3022 occasio
1392 2951 1580 3024 excitandi

324 3086 455 3135 omnes
489 3063 653 3161 Europae
682 3063 876 3161 principes,
907 3082 946 3137 ut
978 3082 1214 3163 prospectata
1245 3065 1409 3163 ipsorum
1439 3067 1582 3140 consilii

323 3179 508 3277 gravitate
519 3199 556 3255 et
568 3182 751 3278 sapientia
761 3183 857 3255 serio
859 3182 1094 3279 perpendant
1104 3209 1184 3280 quce
1193 3194 1403 3281 quantaque
1415 3185 1523 3270 mala,
1542 3185 1582 3258 z‘u

323 3296 534 3385 detestabili,
555 3325 660 3397 quem
679 3300 929 3372 lamentamur
943 3309 1071 3371 eventu
1090 3300 1326 3372 cumulentur
1343 3298 1398 3399 (¹).
1413 3300 1430 3326 ”

375 3432 407 3493 3.
440 3418 491 3492 Et
510 3445 549 3494 re
566 3420 717 3517 quidem
744 3445 832 3493 vera
850 3419 1018 3492 cumulus
1042 3421 1151 3497 datur
1169 3439 1206 3494 et
1232 3446 1389 3494 acervus
1408 3445 1583 3492 errorum

325 3539 389 3636 qui
407 3555 539 3614 omnes
569 3541 706 3615 exinde
737 3538 923 3613 obfirmati
956 3539 1103 3613 luerunt
1134 3557 1172 3613 et
1197 3541 1232 3612 in
1261 3540 1404 3637 praxim
1433 3540 1582 3612 deducti

328 3681 471 3731 necnon
489 3658 666 3731 continuo
680 3658 890 3732 deducendi
905 3683 927 3729 a
941 3657 1275 3754 populisNumera
1286 3659 1316 3728 si
1330 3676 1438 3755 potes
1449 3673 1583 3730 cuncta

327 3773 535 3867 perniciosa
552 3799 638 3870 quae
656 3799 704 3848 ex
724 3775 794 3848 hoc
813 3792 951 3848 eventu
967 3776 1134 3848 societati
1154 3775 1413 3847 obvenerunt!

379 3887 484 3982 Quas
497 3890 576 3988 jam
596 3910 706 3964 antea
735 3917 756 3963 a
778 3892 1021 3965 Massonibus
1040 3891 1292 3990 promulgatas
1313 3892 1484 3972 vidimus,
1516 3889 1581 3962 sal·

326 4030 387 4079 sas
402 4007 589 4081 doctrinas
602 4007 794 4106 religiosas
808 4008 989 4082 Ecclesiae
1003 4034 1070 4082 ceu
1082 4009 1220 4082 divinae
1235 4008 1450 4083 revelationi
1465 4008 1580 4081 maxi·

328 4149 388 4198 me
407 4125 572 4198 inimicas
589 4154 596 4211 ;
624 4170 674 4180 —
702 4151 826 4200 nonne
845 4144 882 4199 et
902 4126 1012 4199 hasce
1031 4124 1234 4223 applicatas
1252 4128 1437 4200 cernimus
1457 4126 1492 4197 in
1512 4125 1583 4198 hoc

328 4242 510 4340 tragoedia
528 4243 758 4339 spoliationis
771 4244 809 4317 S.
829 4244 939 4317 Sedis
957 4272 964 4331 ;
985 4268 1108 4316 nonne
1119 4245 1301 4342 gubernia
1314 4243 1436 4316 civilia
1453 4242 1581 4316 Eccle-

327 4359 420 4432 siam
439 4361 615 4435 continuo
634 4362 671 4434 in
689 4363 909 4436 servitutem
929 4361 1098 4460 redigere
1117 4363 1240 4434 conati
1259 4379 1345 4433 sunt
1364 4385 1523 4457 eamque
1543 4378 1582 4432 ut

366 4601 491 4656 1.Alloc.
511 4601 540 4656 iu
558 4603 673 4658 consist.
689 4605 722 4657 28
736 4607 802 4675 Sep.
818 4603 892 4658 1862
918 4633 949 4644 -
969 4605 1054 4674 Apud
1080 4605 1227 4672 Constant,
1243 4606 1268 4657 le
1286 4604 1364 4673 Papa
1378 4610 1405 4657 et
1422 4605 1453 4657 la
1471 4605 1575 4671 libem,

329 4697 356 4749 Ρ·
376 4694 435 4746 334
