3496 5482
245 479 454 490 ...-.-..--ν“-
841 484 1303 492 --ῴῌ--ὰ--ι--ψῄ-
1311 485 1495 494 ——-—-·-—-.-

657 547 779 598 cxpur
808 547 1082 598 ouooncnuux.
1435 547 1506 620 273

242 701 402 776 cluditur
419 704 670 799 proinde,visa
690 729 729 778 re
750 705 810 778 vel
830 730 983 802 prorsus
999 706 1229 803 impossibili,
1243 705 1302 778 vel
1320 705 1507 804 Religioni

244 821 405 895 maxime
425 820 594 908 adversa,
623 823 738 896 tutius
757 848 842 896 esse
860 822 986 897 subire
1006 823 1101 896 hanc
1122 847 1197 895 non
1217 822 1420 919 expetitam
1440 825 1507 898 sed

245 940 491 1014 necessariam
522 942 786 1028 conditionem,
808 968 967 1040 eamque
986 961 1026 1017 ut
1036 944 1189 1041 sactum
1211 944 1426 1040 completum
1453 969 1506 1019 re·

211 1144 215 1151 ‚
244 1082 486 1156 cognoscere.

297 1179 598 1275 Respondemus,
635 1203 719 1252 cum
757 1177 976 1270 doctissimo
1012 1179 1074 1254 De
1117 1180 1287 1279 Angelis,
1327 1181 1509 1279 imprimis

246 1295 454 1370 Ecclesiam
471 1322 545 1370 non
561 1320 831 1394 recognoscere
843 1295 1026 1370 theoriam
1031 1297 1225 1392 sactorum
1237 1300 1506 1396 completorum,

245 1437 367 1510 neque
386 1414 440 1488 eis
460 1413 621 1487 frontem
642 1411 830 1498 inclinare,
852 1413 939 1510 quia
959 1432 1102 1488 tantum
1110 1417 1173 1513 jus
1192 1416 1353 1513 respicit.

296 1531 357 1605 De
376 1550 500 1606 cetero
527 1556 724 1629 possemus
752 1529 967 1627 plenissime
994 1531 1089 1605 hanc
1116 1533 1284 1632 effugere
1310 1534 1509 1610 difficulta-

244 1666 331 1734 tem,
353 1675 437 1722 cum
470 1674 544 1723 non
573 1674 729 1747 agamus
765 1648 812 1722 de
843 1648 965 1722 modis
992 1649 1127 1746 quibus
1159 1651 1413 1748 Omnipotens
1438 1654 1509 1729 hoc

250 1767 471 1841 Dominium
495 1766 675 1841 Ecclesiae
687 1784 827 1839 sanctae
848 1792 926 1840 suae
944 1767 1101 1841 reddere
1117 1768 1248 1855 valeat,
1266 1770 1332 1844 sed
1349 1790 1510 1846 tantum·

245 1885 358 1958 modo
378 1884 538 1981 Sponsae
558 1884 697 1959 Christi
717 1883 963 1958 defendamus
977 1885 1063 1983 jura
1074 1887 1286 1960 aeterna.At
1307 1889 1338 1961 si
1352 1889 1510 1963 velimus

244 2003 383 2102 aliquid
403 2006 439 2077 in
459 2006 529 2078 hac
544 2030 582 2077 re
598 2028 779 2099 promere,
797 2002 965 2077 dicemus
976 2002 1127 2097 salsum
1141 2006 1295 2079 omnino
1309 2032 1402 2093 esse,
1416 2008 1517 2105 quod

245 2123 429 2195 reslilulz'o
460 2121 636 2195 Dominii
657 2121 695 2193 S.
726 2120 834 2193 Sedis
852 2121 1022 2216 importet
1048 2122 1329 2197 destruclzbnem
1354 2127 1513 2199 unitatis

245 2243 388 2316 ltalirce
406 2241 449 2342 (¹)
467 2273 473 2330 ;
501 2241 720 2338 simpliciter
739 2241 914 2336 importat
932 2243 1159 2316 creationem
1189 2261 1308 2317 status
1334 2244 1511 2341 indepen-

246 2363 369 2437 dentis
389 2363 424 2436 in
446 2363 570 2436 medio
582 2361 788 2459 peninsulae
800 2380 837 2434 et
854 2361 1099 2435 mutationem
1115 2362 1231 2437 Urbis
1244 2363 1376 2461 capitis
1395 2367 1511 2464 regni,

250 2506 334 2579 quae
355 2481 487 2556 iterum
508 2498 631 2578 potest
651 2505 734 2562 esse
751 2479 951 2553 Florentia.

296 2601 360 2674 An
380 2599 670 2698 independentia
692 2599 919 2697 Hamburgii
937 2599 1166 2695 aliarumque
1194 2599 1387 2674 civitatum
1414 2601 1504 2677 libe-

248 2745 380 2804 rarum,
402 2718 461 2793 vel
490 2718 616 2817 magni
644 2719 800 2790 ducatus
822 2716 1119 2815 Luxiburgensis
1139 2718 1320 2791 unitatem
1350 2718 1506 2817 impedit

156 2885 158 2889 -
247 2837 390 2934 imperii
407 2835 651 2910 Germanici?
903 2828 905 2832 Α

299 2954 484 3028 Praeterea
515 2954 551 3026 in
566 2954 782 3050 occupanda
807 2953 910 3026 Urbe
932 2953 1062 3037 Roma,
1085 2950 1169 3025 finis
1193 2952 1419 3026 Massonum
1440 2953 1503 3027 mi·

247 3074 346 3149 nime
374 3100 495 3149 rerum
525 3074 593 3148 fuit
625 3074 773 3171 politica
806 3072 944 3146 Italicae
978 3073 1131 3147 unitatis
1162 3073 1393 3148 constitutio.
1430 3073 1506 3147 “Si

250 3194 470 3267 Massonum
487 3218 617 3266 manus
636 3194 683 3266 ad
703 3192 847 3266 maenia
865 3191 983 3265 civilis
1002 3192 1110 3265 huius
1133 3191 1355 3288 Metropolis
1380 3192 1507 3267 defen-

246 3312 369 3386 denda
400 3331 599 3410 protensae
626 3312 770 3397 fuerint,
792 3311 862 3385 hoc
894 3311 979 3385 ideo
1005 3310 1142 3385 factum
1171 3329 1229 3385 est
1261 3336 1336 3409 quo
1365 3311 1507 3386 facilius

254 3430 352 3504 Urbs
379 3431 614 3504 sacerdotalis
640 3455 706 3527 per
737 3429 838 3527 ipsos
869 3447 1162 3527 expugnaretur,
1194 3447 1309 3525 utque
1338 3430 1507 3504 cominus

245 3549 474 3645 spiritualem
498 3548 717 3622 Pontificum
740 3564 966 3644 potestatem
980 3546 1247 3621 labefactarent
1267 3545 1322 3646 (²).
1338 3548 1354 3575 ”

299 3667 426 3762 Quare
445 3667 577 3741 unitati
602 3666 719 3740 ltaliae
747 3693 821 3740 non
849 3667 958 3740 obest
977 3665 1269 3764 independentia
1295 3667 1507 3764 reipublicae

247 3785 285 3858 S.
314 3785 458 3871 Marini,
480 3805 517 3858 et
536 3785 752 3859 autonomia
771 3801 890 3858 status
902 3784 950 3859 de
972 3783 1166 3858 Monaco?
1185 3829 1234 3839 —
1247 3794 1267 3821 ‘⁴
1284 3784 1402 3878 Quasi
1416 3809 1507 3858 vero

247 3904 283 3975 in
307 3902 413 3975 ltalia
440 3903 538 3976 binae
563 3902 633 3975 illae
661 3902 904 3998 portiunculae
929 3901 1027 3975 haud
1061 3920 1312 3988 numerentur,
1333 3927 1418 3999 quae
1437 3901 1507 3976 sub

247 4020 401 4116 pristina
420 4020 540 4094 adhuc
559 4020 814 4094 dominatione
834 4037 1037 4105 remanent,
1052 4044 1222 4117 quasque
1240 4044 1392 4117 semper
1404 4045 1507 4093 man·

247 4163 352 4209 suras
371 4163 574 4234 speramus,
591 4139 607 4165 ”
627 4137 746 4211 —ait
769 4138 856 4211 Pius
880 4137 938 4210 11(
954 4134 967 4235 (
984 4136 1009 4237 ).

301 4256 437 4329 Unitas
456 4275 493 4331 et
521 4259 715 4356 integritas
738 4257 874 4331 ltaliae!
896 4258 1004 4331 -Si
1031 4260 1152 4332 Roma
1179 4257 1342 4354 pertinet
1365 4259 1411 4332 ad
1434 4261 1507 4334 Ro·

248 4400 398 4448 manum
438 4374 666 4462 Pontificem,
705 4377 767 4473 qui
797 4377 984 4451 ordinarie
1011 4397 1049 4451 et
1084 4377 1164 4474 ipse
1204 4376 1320 4451 Italus
1358 4396 1425 4464 est,
1460 4404 1506 4453 an

252 4507 398 4515 ——-
419 4507 423 4511 .
440 4507 545 4514 ...——.-.
568 4506 777 4515 ...μη-ᾖ--
836 4507 1018 4513 ——-——.
1038 4508 1213 4516 ·-.——-——

286 4553 307 4592 1.
323 4540 367 4593 De
379 4539 504 4607 Angelis,
518 4541 643 4593 Proelect.
650 4540 739 4609 suris
752 4509 883 4607 caii.‚lib.
901 4542 957 4608 111,
971 4542 1011 4595 tit.
1028 4542 1062 4610 V,
1075 4547 1106 4594 n⁰
1122 4554 1161 4610 15,
1175 4510 1242 4612 pag.
1257 4555 1313 4610 ¹²5·

285 4633 307 4671 2.
324 4619 380 4672 Leo
395 4619 480 4672 ΧΙΙΙ.
493 4619 585 4689 Epist.
596 4619 634 4673 ad
648 4619 732 4674 Cord.
748 4621 908 4689 Rampolla,
922 4635 958 4686 24
971 4621 1049 4690 Sept.
1065 4622 1140 4690 1895.

285 4711 309 4765 3.
323 4697 414 4767 Epist.
428 4697 465 4751 ad
480 4698 563 4752 Card.
578 4699 673 4767 vicar,
687 4713 721 4767 30
732 4699 808 4770 Junii
823 4699 898 4767 1871.

300 4817 360 4869 Papa
373 4819 400 4860 sit
413 4832 449 4860 rex
464 4819 547 4861 Roma.
