3496 5482
318 547 387 616 124
728 545 821 595 PAPA
847 547 907 597 SIT
934 548 1009 596 REX
1039 546 1163 599 ROMAE.

316 703 576 779 “labefactari
607 721 730 802 queat,
761 703 827 778 sed
858 730 984 779 earum
1007 729 1137 778 caussa
1155 705 1358 793 civitatum,
1386 706 1576 805 inquibus

316 834 337 863 “
364 824 473 898 nimis
492 821 629 921 polleat
647 821 753 896 eade
770 847 845 919 qua
862 820 1056 920 loquimur,
1074 840 1137 898 aut
1151 822 1232 897 aliae
1246 823 1439 899 hominum
1451 844 1574 911 sectae,
1626 910 1629 914 ,

317 953 336 983 “
366 969 440 1017 non
460 942 658 1030 absimiles,
677 968 762 1041 quae
780 942 892 1040 priori
911 942 960 1017 illi
980 969 1064 1018 sese
1081 944 1319 1019 administras
1341 963 1379 1020 et
1397 946 1576 1021 satellites

316 1071 338 1103 “
359 1061 585 1160 impertiunt.

367 1194 418 1257 13.
439 1191 458 1220 “
482 1182 556 1255 His
582 1181 631 1256 de
660 1180 812 1268 caussis,
829 1181 891 1255 ubi
910 1182 1069 1279 primum
1097 1182 1144 1256 ad
1166 1182 1363 1258 Ecclesiae
1392 1184 1576 1282 guberna·

320 1298 443 1374 “cula
467 1300 700 1388 accessimus,
734 1299 895 1374 vidimus
925 1298 1110 1398 planeque
1141 1301 1329 1375 sensimus
1361 1302 1445 1377 huic
1473 1320 1577 1379 tanto

316 1421 458 1497 “malo
487 1422 669 1508 resistere,
693 1422 868 1520 oppositu
901 1421 1130 1496 auctoritatis
1165 1438 1325 1508 nostrae,
1355 1423 1480 1521 quoad
1498 1423 1578 1497 fieri

318 1552 338 1581 '⁶
358 1558 493 1638 potest,
514 1560 757 1639 oportere-
774 1540 876 1615 Sane
900 1558 1150 1637 opportunam
1172 1541 1321 1638 saepius
1339 1541 1574 1616 occasionem

318 1670 337 1700 ‘⁴
358 1661 467 1746 nacti,
494 1658 679 1757 persecuti
699 1683 827 1732 sumus
846 1649 1047 1756 praecipua
1074 1658 1236 1755 quadam
1249 1659 1500 1733 doctrinarum
1519 1686 1576 1734 ca·

320 1790 339 1819 ‘⁸
359 1779 437 1878 pita
465 1778 501 1852 in
524 1803 617 1877 quas
640 1777 939 1852 Massonicarum
965 1775 1185 1874 opinionum
1205 1775 1397 1851 influxisse
1416 1776 1578 1851 maxime

311 1906 339 1936 ·“
358 1895 584 1994 perversitas
604 1894 813 1970 videbatur.

370 2025 391 2055 “
414 2016 471 2089 lta
492 2014 645 2088 Litteris
667 2013 819 2088 Nostris
846 2010 1056 2110 Encyclicis
1073 2013 1399 2109 QuodApertolici
1414 2013 1579 2087 muneris

322 2144 341 2175 ‘¹
364 2132 429 2234 (28
445 2135 537 2210 Dec.
557 2131 669 2233 1878)
681 2133 851 2232 aggressi
865 2159 993 2208 sumus
1008 2133 1294 2208 Socialisturum
1311 2148 1348 2207 et
1366 2132 1577 2207 Communi·

322 2263 507 2328 “starum
538 2270 711 2351 portenta
740 2252 965 2327 convincere
984 2250 1044 2352 (¹);
1070 2250 1149 2326 aliis
1174 2251 1351 2348 deinceps
1380 2243 1579 2326 Arcanum

323 2384 343 2415 “
367 2371 433 2473 (10
453 2375 545 2449 Feb.
575 2371 686 2472 1880)
705 2399 840 2471 veram·
856 2398 1150 2471 germanamque
1179 2371 1370 2446 notionem
1390 2371 1578 2447 societatis

324 2502 346 2534 “
365 2493 603 2580 domesticae,
620 2492 725 2592 cujus
743 2510 801 2568 est
816 2493 853 2566 in
869 2490 1107 2565 matrimonio
1122 2490 1204 2564 lons
1225 2507 1263 2564 et
1276 2490 1393 2588 origo,
1402 2490 1578 2565 tuendam

325 2622 346 2652 ‘⁴
365 2631 402 2687 et
420 2611 679 2710 explicandam
698 2610 909 2685 curavimus
925 2637 932 2696 ;
952 2609 995 2682 iis
1010 2609 1171 2705 insuper,
1187 2632 1343 2706 quarum
1358 2608 1503 2683 initium
1522 2625 1579 2683 est

325 2737 345 2768 “
365 2729 607 2803 Diuturnum
621 2726 798 2828 (20Junii
824 2725 934 2827 1861)
952 2726 1148 2824 potestatis
1167 2724 1337 2823 publicae
1357 2725 1511 2800 sormam
1531 2725 1578 2799 ad

325 2847 544 2944 “principia
572 2845 796 2921 christianae
824 2845 1030 2943 sapientiae
1061 2869 1278 2941 expressam
1306 2845 1577 2942 proposuimus,

326 2965 464 3038 “cumi
495 2990 563 3062 psa
594 2989 716 3039 rerum
754 2981 893 3050 natura,
924 2989 1008 3037 curn
1038 2961 1259 3060 populorum
1294 2963 1583 3062 Principumque

328 3093 348 3121 “
368 3080 487 3158 salute
506 3082 658 3157 mirifice
676 3085 951 3156 cohaerentem.

378 3210 399 3240 “
421 3200 533 3274 Nunc
551 3219 687 3286 autem,
710 3185 961 3273 Decessorum
977 3200 1204 3274 Nostrorum
1218 3198 1401 3296 exemplo,
1423 3199 1459 3272 in
1482 3200 1583 3274 Mas-

329 3329 350 3360 “
369 3319 535 3393 sonicam
554 3317 673 3416 ipsam
693 3318 922 3404 societatem,
955 3361 1003 3373 -
1032 3319 1068 3391 in
1101 3317 1308 3392 doctrinam
1337 3317 1417 3414 ejus
1437 3318 1582 3391 univer-

329 3448 349 3479 “
368 3466 458 3526 sam,
478 3484 529 3497 -
547 3456 585 3513 et
603 3436 766 3524 consilia,
787 3482 838 3494 -
868 3455 906 3512 et
937 3437 1122 3512 sentiendi
1142 3437 1451 3511 consuetudinem
1479 3453 1584 3510 -et

328 3557 506 3658 “agendi
536 3557 701 3631 animum
736 3600 787 3613 —
812 3574 913 3630 recta
938 3555 1131 3630 intendere
1157 3554 1402 3641 decrevimus,
1422 3579 1497 3652 quo
1526 3553 1583 3627 vis

330 3685 350 3714 “
369 3675 465 3750 illius
479 3675 646 3750 malefica
665 3674 784 3773 magis
803 3673 997 3771 magisque
1027 3671 1237 3759 illustretur,
1259 3672 1371 3770 idque
1391 3672 1513 3746 valeat
1538 3670 1585 3744 ad

331 3805 351 3833 ‘¹
372 3793 541 3869 funestae
559 3794 676 3892 pestis
687 3791 921 3890 prohibenda
935 3791 1118 3889 contagia.
1139 3789 1156 3817 ”

382 3924 437 3984 14.
460 3911 636 3985 Centrum
653 3911 818 3985 emnium
836 3910 1149 3984 clandestinorum
1177 3909 1387 3982 societatum
1415 3917 1469 3981 est
1494 3917 1586 3980 secte

330 4031 552 4107 Messanicu.
572 4042 591 4070 “
622 4031 757 4106 Variae
769 4047 856 4104 sunt
874 4030 1067 4104 hominum
1088 4049 1222 4115 sectae,
1243 4053 1584 4126 quae-quamquam

333 4162 353 4190 “
374 4150 535 4236 nomine,
558 4150 639 4235 ritu,
669 4149 795 4236 lorma,
817 4149 962 4248 origine
980 4147 1206 4232 differentes,
1232 4172 1316 4220 cum
1345 4165 1469 4220 tamen
1489 4171 1585 4220 corn·

335 4271 550 4346 “munione
581 4268 742 4368 quadam
774 4269 955 4366 propositi
984 4291 1288 4363 summarumque
1320 4265 1587 4339 sententiarum

334 4388 614 4463 “similitudine
647 4388 742 4461 inter
770 4412 812 4461 se
839 4387 1085 4472 continentur,
1108 4411 1147 4460 rc
1165 4401 1469 4483 congruuntcum
1486 4400 1588 4457 secta

370 4639 390 4678 1.
421 4625 487 4679 Hoc
513 4625 604 4694 magis
638 4641 671 4678 ex
697 4624 825 4695 professo
851 4624 916 4680 lecit
943 4625 1131 4681 Beatissimus
1151 4624 1235 4677 Pater
1258 4619 1407 4675 notissima
1434 4620 1588 4690 Encyclica

334 4706 441 4764 Remum
459 4705 655 4773 nouarum,de
668 4705 715 4760 die
730 4718 760 4776 15
776 4704 847 4760 Maii
862 4705 938 4775 1891.
