3496 5482
651 530 744 580 ΡΑΡΑ
771 530 830 581 SIT
857 531 931 581 REX
961 531 1087 583 ROMAE.

242 684 363 759 solidi.
400 686 592 763 Liberales
621 689 720 763 enim
743 689 942 762 Massones
961 715 1003 763 ac
1035 690 1231 765 socialistae
1251 691 1340 766 nihil
1371 692 1499 768 valent

245 804 315 877 nisi
346 825 515 882 evertere
543 833 585 882 ac
614 808 817 896 destruere,
848 832 907 881 res
943 808 1193 883 constituendi
1223 826 1260 884 et
1291 811 1500 885 aedificandi

244 921 354 1020 plane
373 925 534 1022 impares
553 926 728 1000 existunt.

301 1050 372 1125 Per
407 1052 541 1126 saecula
576 1053 806 1127 verificatum
842 1051 1262 1152 manetevangelicum
1297 1056 1498 1155 adagium:

244 1193 357 1243 omne
382 1196 539 1270 regnum
560 1173 595 1245 in
615 1197 656 1245 se
674 1171 835 1245 divisum
856 1196 930 1245 non
949 1171 1061 1245 stabit
1079 1201 1086 1258 ;
1121 1173 1344 1271 gubernium
1375 1175 1497 1274 igitur,

249 1289 307 1361 cui
326 1290 433 1366 deest
463 1294 678 1390 cooperatio
707 1293 869 1369 melioris
900 1311 937 1367 et
955 1293 1112 1367 sanioris
1130 1295 1246 1392 partis
1264 1294 1399 1369 civium
1419 1321 1498 1371 cor-

242 1426 323 1483 ruet
342 1427 379 1483 et
410 1411 448 1483 in
472 1411 734 1510 demagogiam
763 1411 889 1485 abibit.
925 1411 1102 1507 Jamvero
1131 1410 1214 1486 talis
1239 1430 1297 1486 est
1332 1413 1499 1490 conditio

240 1528 491 1626 pseudoregni
519 1529 612 1615 Itali,
632 1530 737 1626 cujus
755 1530 948 1627 graviores
968 1548 1005 1603 et
1032 1529 1203 1604 meliores
1228 1531 1340 1614 cives,
1362 1557 1498 1630 nempe

240 1645 422 1733 catholici,
463 1647 686 1744 prohibente
723 1647 861 1722 Christi
895 1647 1054 1731 Vicario,
1099 1648 1396 1724 moderatoribus
1444 1651 1497 1725 rei

242 1763 401 1860 publicae
414 1790 564 1839 omnem
583 1791 803 1840 concursum
821 1765 1010 1840 efficacem
1023 1764 1223 1862 denegant,
1237 1766 1378 1865 quippe
1395 1769 1497 1865 quod

240 1906 309 1979 pro
332 1884 491 1958 comitiis
509 1884 748 1984 generalibus
784 1910 858 1958 non
888 1900 974 1957 sunt
1005 1881 1188 1957 electores
1221 1910 1343 1982 neque
1375 1885 1495 1961 electi.

244 1999 393 2075 Patrata
414 2002 511 2075 enim
531 2000 712 2100 sacrilega
743 2001 859 2075 Urbis
878 2000 1080 2086 invasione,
1101 2000 1293 2075 mandavit
1326 2003 1416 2076 Pius
1439 2004 1497 2078 lX

240 2118 464 2196 electoribus
493 2120 629 2196 licitam
661 2145 744 2195 esse
763 2121 1083 2219 participationem
1102 2120 1149 2194 ad
1182 2119 1384 2196 electiones
1413 2149 1497 2220 pro·

241 2237 418 2314 vinciales
437 2257 474 2314 et
490 2239 730 2337 municipales
746 2269 753 2326 ;
768 2239 891 2336 quoad
905 2237 1101 2339 generales
1116 2264 1206 2312 vero
1218 2265 1289 2313 non
1301 2241 1473 2337 expedire
1485 2271 1499 2318 .·

240 2403 291 2414 -
313 2367 333 2396 “
353 2385 397 2431 ne
412 2359 563 2442 elatiori,
584 2385 628 2432 ne
645 2359 746 2430 elettz'
758 2358 786 2430 '’.

296 2484 439 2558 LeoXl
450 2484 462 2556 l
473 2484 485 2556 l
496 2485 599 2558 stetit
612 2484 647 2556 in
661 2483 796 2557 decisis
807 2508 830 2555 a
844 2482 1124 2555 Praedecessore
1136 2506 1204 2555 suo
1216 2499 1254 2556 et
1266 2482 1327 2556 die
1342 2483 1496 2579 3oJunii

247 2599 1496 2687 1886,SacraPoenitentiariadeclaravitdecisionemSummiPonti·

244 2719 323 2793 ficis
343 2745 416 2794 non
432 2746 515 2795 esse
528 2745 670 2794 merum
684 2718 889 2805 consilium,
904 2720 970 2794 sed
986 2719 1178 2794 formalem
1193 2719 1496 2816 prohibitionem.

293 2850 370 2926 Sed
389 2851 535 2925 duobus
555 2851 671 2926 ferme
689 2851 797 2923 annis
827 2868 922 2947 post,
954 2850 989 2922 in
1015 2854 1118 2942 1889,
1139 2850 1310 2946 apparuit
1338 2875 1497 2946 opuscu-

244 2969 319 3043 lum
339 2970 527 3068 quoddam
554 2968 674 3043 italice
705 2969 883 3064 scriptum
903 2969 959 3040 cui
987 2967 1115 3041 titulus
1137 2968 1293 3052 :Roma
1313 2968 1435 3041 Italia
1463 2980 1500 3042 et

244 3091 399 3163 realr'tas
416 3113 571 3162 rerum:
590 3090 822 3185 cogitationes
839 3088 1028 3185 cujusdam
1037 3088 1194 3184 proelatz'
1208 3088 1305 3161 itali.
1331 3087 1375 3161 ln
1393 3085 1497 3162 hisce

241 3209 389 3308 paginis
411 3226 539 3281 auctor
557 3232 603 3280 eo
627 3231 849 3304 progressus
875 3224 953 3280 erat
974 3222 1012 3278 ut
1044 3230 1118 3278 non
1138 3223 1282 3278 tantum
1307 3203 1498 3279 catholicis
1524 3237 1527 3242 ·

241 3326 521 3402 commendaret
540 3341 654 3422 atque
665 3324 908 3420 persuaderet
924 3324 1175 3397 interventum
1196 3323 1232 3394 in
1252 3321 1497 3397 electionibus

241 3443 477 3543 generalibus
495 3443 613 3516 sedet
632 3440 854 3515 benevolam
870 3442 1099 3540 agnitionem
1120 3438 1356 3537 profiteretur
1373 3464 1497 3513 rerum

246 3563 421 3637 Italarum
442 3560 689 3658 praesentium.

293 3696 367 3769 Ast
385 3695 447 3768 ubi
467 3693 627 3791 primum
647 3693 829 3789 apparuit,
851 3692 1069 3789 opusculum
1090 3718 1111 3764 a
1130 3691 1169 3765 S.
1191 3689 1499 3789 Congregatione

246 3813 383 3888 Indicis
402 3813 618 3912 damnatum
639 3810 716 3884 suit.

297 3942 455 4036 Insuper
474 3964 551 4011 rem
572 3955 729 4010 tractare
748 3937 926 4034 dignatus
950 3953 1007 4009 est
1027 3936 1184 4032 ipsemet
1206 3934 1383 4008 Summus
1402 3937 1500 4009 Pon·

243 4060 334 4135 tisex
353 4059 388 4132 in
409 4056 540 4130 litteris
552 4054 838 4151 adEpiscopum
850 4054 1093 4138 Brixiensem,
1119 4052 1180 4126 die
1195 4076 1236 4145 31
1257 4052 1385 4124 Martii
1405 4056 1499 4141 1889

242 4177 340 4249 datis
362 4199 369 4248 :
391 4185 411 4212 “
437 4174 592 4246 Gratam
615 4173 709 4245 scito
732 4171 855 4244 Nobis
882 4169 1078 4266 epistolam
1099 4187 1200 4243 tuam
1232 4168 1392 4242 fuisse...
1415 4194 1499 4242 cum

243 4293 332 4367 illud
351 4294 387 4366 in
410 4291 528 4365 lucem
557 4289 693 4386 prodiit
716 4288 945 4385 opusculum,
966 4288 1067 4385 quod
1099 4288 1179 4384 ipse
1213 4311 1495 4372 commemoras,

242 4411 419 4510 quodque
444 4433 534 4481 sane
554 4408 584 4480 si
611 4405 781 4502 displicet
798 4407 874 4490 tibi,
896 4425 935 4480 ut
949 4406 1090 4492 scribis,
1113 4407 1190 4478 iure
1204 4403 1386 4501 displicet.
1415 4403 1497 4478 lmo

244 4554 334 4602 vero
352 4552 462 4603 nemo
480 4525 643 4622 prudens
663 4548 860 4621 rerumque
879 4523 1113 4596 existimator
1130 4546 1259 4618 aequus
1279 4519 1495 4616 reperiatur,

244 4648 333 4751 quin
352 4666 475 4722 tecum
495 4670 631 4747 magna
652 4642 844 4717 voluntate
862 4643 1081 4716 consentiat.
