3496 5482
333 447 706 459 ....-,.,-,--.--.-
722 448 1043 456 --.--—---—------
1088 449 1116 456 —
1176 448 1238 455 η’,
1265 450 1271 454 -
1297 449 1430 454 -----—›---
1464 450 1469 455 -

335 510 409 582 354
744 513 836 562 rnen
863 513 923 562 srr
951 512 1024 562 nex
1054 512 1178 563 noua.

646 615 845 622 —.-————

332 667 401 741 hac
433 669 469 742 in
503 694 551 755 re,
582 669 634 742 ita
665 686 705 744 ut
730 694 837 767 aeque
869 670 967 745 bene
997 670 1155 745 serviret
1185 670 1222 744 in
1253 669 1365 745 alium
1398 669 1509 743 finem
1530 666 1584 768 (¹)

384 784 445 860 De
466 785 638 860 Ecclesia
655 787 756 861 enim
779 787 852 862 Dei
872 787 1082 863 dictumest
1100 814 1121 861 a
1140 787 1347 887 propheta:
1367 800 1387 827 ‘⁶
1407 788 1459 861 Et
1478 802 1588 861 erunt

331 928 440 1002 reges
460 904 598 978 nutritii
619 903 682 991 tui,
696 923 734 980 et
754 906 892 1005 reginae
908 906 1069 981 nutrices
1084 907 1228 981 tuae...''
1247 906 1417 1004 ideoque,
1435 904 1587 979 ineunte

330 1023 467 1098 saeculo
496 1024 602 1099 Deus
622 1026 779 1100 assumit
811 1027 847 1100 in
879 1027 1140 1102 executionem
1167 1025 1406 1102 consiliorum
1425 1023 1586 1122 primum

328 1140 518 1217 consulem
532 1143 725 1219 Gallorum
740 1170 901 1243 eumque
920 1145 967 1219 ad
983 1144 1177 1243 imperium
1192 1145 1366 1244 provehit
1384 1163 1424 1218 ut
1443 1160 1584 1241 postea,

328 1281 570 1357 permanente
589 1290 631 1338 ac
651 1262 855 1340 reluctante
875 1265 1054 1341 indomita
1066 1266 1239 1365 superbia
1259 1266 1350 1364 ejus,
1367 1265 1487 1361 ipsum
1502 1285 1586 1359 pro·

326 1377 383 1453 cul
403 1404 424 1451 a
443 1405 484 1455 se
499 1382 678 1478 projiciat.
699 1383 768 1457 “O
785 1382 958 1458 Altitudo
971 1382 1185 1459 divitiarum
1204 1382 1397 1482 sapientiae
1416 1399 1454 1456 et
1467 1379 1587 1454 scien·

328 1496 388 1570 tiae
410 1497 532 1573 Dei...
555 1498 572 1525 ’'

377 1628 412 1689 2.
447 1615 524 1690 Sed
556 1634 639 1691 esto
673 1618 780 1691 nobis
811 1618 1031 1716 impervium
1060 1617 1109 1692 sit
1135 1617 1268 1694 efficax
1297 1616 1472 1703 medium,
1508 1641 1585 1714 quo

327 1750 497 1831 tempore
527 1754 740 1831 opportuno
776 1737 915 1811 Divina
951 1736 1190 1812 Providentia
1221 1736 1501 1810 manifestatura
1536 1735 1585 1808 sit

324 1850 553 1950 singularem
583 1879 689 1927 suam
721 1855 992 1952 protectionem
1026 1856 1062 1929 in
1097 1857 1364 1930 Patrimonium
1397 1856 1439 1930 B.
1468 1853 1586 1941 Petri;

326 1971 519 2046 indubium
541 1991 667 2048 manet
686 1976 864 2072 expedire
884 1995 923 2051 ut
955 1977 990 2051 in
1010 1977 1150 2050 bonum
1181 1975 1370 2075 religionis
1398 2000 1441 2048 ac
1467 1972 1584 2048 socie·

324 2087 411 2161 tatis
430 2089 549 2164 civilis
568 2090 614 2164 ad
634 2117 728 2188 opus
748 2094 1027 2168 restaurationis
1046 2094 1285 2192 accingamur
1303 2092 1489 2189 variisque
1507 2115 1583 2164 me·

325 2206 396 2281 diis
415 2225 572 2283 utamur.

379 2325 542 2400 Primum
559 2327 684 2425 itaque
700 2329 862 2402 medium
879 2331 927 2404 sit
945 2348 1100 2405 conatus
1118 2347 1156 2406 et
1175 2329 1339 2405 studium
1358 2351 1524 2427 perenne
1544 2342 1584 2401 ut

323 2442 436 2516 modo
455 2443 562 2518 firmo
577 2472 618 2518 ac
634 2446 757 2520 stabili
770 2473 881 2521 causa
895 2447 942 2522 ad
958 2449 1096 2523 bonum
1111 2448 1252 2523 exitum
1268 2448 1582 2545 perducatur,non

323 2560 455 2634 mediis
473 2562 696 2661 omnigenis,
711 2589 795 2662 quae
809 2564 892 2663 plus
907 2565 1128 2641 turbationis
1142 2591 1255 2664 quam
1269 2564 1410 2640 ordinis
1424 2582 1462 2639 et
1480 2561 1583 2660 pacis

322 2703 389 2774 pro
408 2679 588 2754 societate
602 2706 728 2755 secum
745 2681 892 2769 ferrent,
902 2684 968 2758 sed
984 2683 1145 2781 pacificis
1159 2683 1395 2758 suasionibus
1409 2678 1580 2779 politicis,

322 2795 457 2892 quibus
469 2797 640 2870 nimirum
654 2800 794 2873 servari
809 2801 928 2898 possit
942 2820 1055 2899 atque
1069 2802 1242 2899 componi
1257 2820 1295 2876 et
1310 2800 1431 2891 unitas
1442 2798 1580 2889 Italica,

322 2932 360 2987 et
379 2914 608 2987 territorialis
628 2915 921 3014 independentia
936 2919 974 2994 S.
993 2921 1112 2994 Sedis.
1132 2918 1462 3014 Quemadmodum
1481 2934 1583 2992 esset

321 3056 356 3105 v.
376 3057 411 3130 g.
433 3034 650 3107 constitutio
679 3052 798 3109 status
821 3036 1009 3112 foederalis
1042 3037 1169 3113 ltaliae.
1200 3037 1366 3124 Etenim,
1385 3054 1581 3111 externum

321 3148 496 3223 invocare
515 3151 692 3225 auxilium
724 3155 772 3226 ad
795 3154 939 3230 Urbem
959 3156 1115 3255 ejusque
1133 3156 1314 3230 ditionem
1334 3155 1446 3229 armis
1473 3179 1582 3228 occu·

320 3267 492 3363 pandam,
530 3270 631 3366 quod
667 3273 882 3370 ceteroquin
920 3273 1030 3349 valde
1066 3275 1237 3348 odiosum
1270 3290 1436 3348 exstaret
1478 3270 1582 3346 Italis

321 3385 476 3481 perinde
504 3388 596 3462 acsi
616 3389 811 3487 incapaces
839 3412 966 3469 essent
998 3395 1067 3492 ipsi
1099 3395 1211 3470 rebus
1242 3391 1459 3468 consulendi
1481 3390 1581 3465 Reli-

320 3502 472 3601 gionem
491 3531 534 3578 ac
565 3507 726 3582 Patriam
756 3512 1022 3606 spectantibus,
1052 3513 1151 3587 viam
1181 3513 1305 3611 potius
1331 3527 1515 3585 sterneret
1534 3510 1582 3583 ad

321 3621 502 3695 maximas
524 3649 567 3697 ac
592 3625 866 3702 crudelissimas
895 3631 1189 3706 machinationes
1208 3647 1246 3705 et
1266 3628 1466 3704 ulciscendi
1485 3627 1583 3702 desi·

319 3739 423 3815 deria
453 3766 474 3814 a
506 3762 612 3839 parte
630 3748 909 3845 conjuratorum
932 3750 1163 3837 Massonum,
1194 3747 1582 3844 restaurationemque

319 3856 372 3931 sic
392 3857 501 3932 valde
520 3860 732 3937 instabilem
752 3883 790 3939 et
809 3867 1012 3963 precariam
1033 3867 1206 3943 redderet
1226 3865 1280 3966 (²).

371 3975 738 4078 Quomodocumque
769 4009 860 4083 ergo
890 3985 1131 4061 Providentia
1166 3986 1215 4059 de
1251 3985 1362 4059 rebus
1392 3982 1580 4081 disponat,

357 4252 380 4292 1.
400 4238 511 4308 Suarez,
524 4241 569 4296 Dc
588 4243 662 4298 Verb.
675 4245 744 4314 Ina,
758 4261 801 4316 91,
816 4265 840 4303 a.
856 4261 895 4317 lv,
909 4250 981 4320 disp.
995 4263 1023 4319 v,
1036 4268 1057 4306 s.
1075 4265 1085 4305 1
1101 4261 1130 4306 et
1144 4266 1168 4306 2.

354 4332 377 4370 2.
397 4317 486 4372 Livre
498 4321 564 4374 d'or
573 4323 613 4375 du
628 4325 781 4388 Pontificut
791 4329 824 4379 de
836 4329 912 4382 Llon
925 4330 957 4382 X
956 4330 1013 4399 Ill,
1028 4333 1062 4385 G.
1080 4331 1180 4401 Kurth,
1194 4347 1220 4400 p.
1236 4344 1297 4398 394.

353 4426 388 4434 --
401 4398 417 4424 “
432 4400 458 4450 N
463 4400 489 4452 ul
503 4417 538 4454 ne
554 4418 649 4471 pense,
664 4420 699 4457 au
716 4405 835 4460 Vatican
850 4410 954 4474 meme,
967 4410 983 4463 a
997 4428 1051 4464 une
1065 4412 1254 4465 intervention
1268 4407 1372 4462 armee.
1387 4405 1451 4459 Elle
1464 4416 1507 4460 est
1530 4406 1582 4461 im-

318 4477 452 4546 possible,
462 4480 539 4532 aussi
551 4482 616 4536 bien
627 4484 729 4552 qu'une
742 4489 912 4556 occupatiori
926 4503 1119 4559 permanente,
1129 4500 1158 4545 et
1168 4488 1316 4544 blesserait
1329 4487 1354 4540 le
1368 4485 1471 4556 peuple
1482 4485 1582 4541 italien

317 4570 352 4608 au
375 4556 469 4609 milieu
493 4558 596 4630 duquel
611 4564 649 4616 vit
670 4562 696 4616 le
710 4564 865 4620 Souverain
894 4570 1011 4625 Pontife.
1025 4572 1040 4597 ''
1052 4601 1087 4609 —
1101 4573 1145 4626 De
1166 4571 1192 4624 la
1212 4570 1299 4638 Vega.
1313 4595 1347 4605 -
1361 4564 1427 4634 (Les
1445 4564 1585 4620 relations

317 4633 431 4687 currere
444 4636 576 4707 Sl-„S'r'lge
586 4647 613 4692 e!
626 4640 651 4692 le
663 4658 797 4710 royaumc
808 4646 932 4717 d'Italr'c‚
946 4666 972 4717 p.
988 4665 1001 4702 2
1006 4651 1042 4719 5.)
