3496 5482
1258 505 1569 515 ——-.-..—.

317 537 363 606 62
726 559 819 610 Pana
846 560 906 612 srr
933 561 1009 612 nex
1037 562 1164 616 noua.

315 757 366 767 -
383 714 480 790 Aliis
493 717 641 792 verbis:
665 718 753 793 Non
786 719 871 795 licet
902 720 1092 818 disputare
1111 722 1159 798 de
1178 724 1487 821 compatibilitate
1515 724 1573 801 vel

316 835 660 933 incompatibilitate
679 837 797 913 civilis
819 839 980 914 Romani
1002 840 1192 917 Pontificis
1215 842 1459 942 Principatus.

370 955 580 1053 Propositio
599 973 724 1032 autem
746 953 915 1032 LXXVI
940 959 976 1033 in
996 959 1146 1058 Syllaba
1164 961 1340 1036 damnata
1368 961 1419 1037 ita
1438 981 1572 1040 sonat:

318 1073 565 1174 “Abrogatio
588 1074 707 1150 civilis
726 1076 881 1175 imperii,
914 1102 990 1175 quo
1017 1077 1238 1176 Apostolica
1270 1080 1390 1155 Sedes
1420 1081 1570 1179 potitur,

315 1192 362 1266 ad
384 1191 564 1267 Ecclesiae
593 1193 802 1271 libertatem
836 1196 1126 1297 felicitatemque
1157 1198 1217 1276 vel
1244 1200 1407 1276 maxime
1432 1201 1571 1275 condu-

314 1330 425 1388 ceret.
446 1313 464 1342 ”

362 1434 446 1531 Jam
478 1433 625 1509 confixa
644 1435 711 1510 suit
730 1435 809 1510 haec
829 1436 1037 1535 propositio
1056 1463 1122 1535 per
1144 1436 1407 1515 allocutionem
1429 1438 1572 1529 Quibus

312 1554 538 1652 quantisque,
560 1553 632 1629 diei
655 1579 702 1630 20
721 1554 861 1653 Aprilis
885 1559 988 1650 1849.

367 1672 538 1747 Profecto
552 1673 782 1749 admittimus
797 1700 880 1749 cum
895 1674 937 1749 cl.
950 1676 1011 1751 De
1026 1674 1185 1774 Angelis
1200 1672 1245 1775 (¹)
1259 1676 1359 1773 quod
1375 1675 1568 1775 hucusque

314 1814 387 1863 non
420 1790 488 1864 suit
512 1791 600 1866 data
633 1792 814 1867 Ecclesiae
845 1792 1013 1868 definitio
1036 1793 1248 1892 dogmatica
1276 1793 1324 1868 de
1345 1795 1569 1870 necessitate

316 1906 548 2005 Principatus
567 1909 685 1984 civilis
704 1912 929 1986 successoris
949 1911 987 1987 S.
1010 1911 1126 1997 Petri;
1151 1912 1218 1986 sed
1243 1912 1470 2009 praeteritum
1494 1938 1568 1988 non

313 2024 474 2102 infirmat
493 2027 667 2115 futurum,
688 2047 726 2103 et
744 2030 845 2127 quod
865 2029 1032 2104 nondum
1054 2029 1191 2105 lactum
1212 2029 1288 2115 luit,
1305 2028 1384 2104 fieri
1403 2048 1541 2128 potest.

363 2143 464 2220 Satis
482 2146 529 2221 sit
548 2172 640 2247 ergo
654 2147 702 2221 ad
717 2148 913 2223 veritatem
933 2147 1030 2221 circa
1049 2147 1310 2223 necessitatem
1334 2147 1567 2247 Principatus

311 2262 430 2338 civilis
458 2266 506 2338 ad
538 2265 809 2340 immunitatem
842 2263 1035 2339 Pontificis
1066 2265 1253 2351 tuendam,
1283 2266 1313 2340 si
1343 2267 1465 2341 minus
1484 2293 1567 2343 eam

310 2380 385 2460 fide
415 2383 542 2458 divina
570 2385 793 2461 credendam
813 2384 990 2469 dicamus,
1020 2383 1127 2458 sicuti
1146 2383 1294 2482 dejure
1322 2384 1406 2481 ipso
1437 2385 1568 2460 immu-

312 2502 436 2578 nitatis
455 2504 725 2601 supradictum
744 2521 823 2590 est,
842 2519 900 2577 ast
925 2500 1058 2575 saltem
1078 2526 1162 2576 eam
1188 2519 1226 2576 et
1254 2501 1349 2577 adeo
1368 2501 1454 2577 fidei
1469 2503 1565 2578 cath,

311 2623 518 2717 proximam
544 2641 581 2697 et
599 2622 811 2698 auctoritati
839 2618 1022 2695 infallibili
1040 2617 1192 2694 affinem
1211 2620 1505 2716 pronuntiemus,
1527 2639 1566 2696 ut

311 2739 384 2815 fide
402 2760 504 2816 certa
531 2742 579 2816 ab
602 2741 777 2816 omnibus
804 2757 975 2814 teneatur
1009 2763 1163 2812 necesse
1194 2738 1253 2812 sit.
1273 2738 1356 2813 Nec
1385 2739 1455 2836 ipsi
1486 2738 1567 2814 sine

311 2857 538 2935 infidelitatis
557 2877 711 2958 peccato
730 2857 1016 2933 contradicatur.

360 2976 474 3072 Quod
494 3005 541 3053 ex
560 3004 658 3053 nunc
676 2976 843 3051 dicendis
857 2974 990 3048 clarius
1009 2972 1161 3069 patebit.

358 3131 391 3192 9.
427 3099 583 3173 Praestat
625 3097 809 3196 ipsissima
840 3095 940 3169 docti
984 3091 1093 3190 hujus
1135 3091 1361 3166 Professoris
1398 3092 1566 3191 accipere

310 3217 434 3292 verba.
452 3228 472 3256 “
486 3218 682 3316 Objicitur,
700 3215 829 3313 inquit,
856 3210 1064 3286 Ecclesiam
1078 3211 1125 3284 ad
1139 3210 1176 3283 id
1188 3210 1342 3284 tandem
1355 3210 1563 3297 devenisse,
1674 3243 1677 3247 ’

311 3353 350 3411 ut
367 3333 511 3410 civilem
531 3336 570 3411 S.
589 3334 699 3411 Sedis
719 3331 971 3428 Principatum
991 3329 1087 3402 inter
1105 3327 1285 3426 dogmata
1304 3345 1528 3403 accenseret.
1546 3328 1564 3355 ’'

359 3452 432 3528 Ast
451 3452 567 3528 sacilis
586 3453 650 3528 fiet
668 3450 715 3525 ad
735 3450 829 3524 hanc
849 3444 1143 3544 propulsandam
1163 3443 1387 3518 calumniam
1413 3470 1563 3543 respon·

308 3573 386 3653 sio:
405 3573 500 3648 hanc
531 3573 671 3648 scilicet
706 3566 886 3643 Ecclesiae
905 3563 1161 3638 definitionem
1182 3587 1257 3636 non
1277 3563 1392 3637 luisse
1411 3563 1564 3662 dogma-

309 3693 430 3779 ticam,
450 3693 538 3790 quia
557 3717 631 3766 non
650 3689 718 3764 suit
737 3685 933 3762 sormulata
951 3684 988 3757 in
1007 3680 1216 3757 articulum.

360 3811 438 3887 Sed
459 3812 592 3888 'tamen
616 3806 826 3910 1⁰)oerz'tas
855 3803 903 3877 de
920 3800 1220 3899 compatc'bc'lc'tatc
1249 3797 1368 3874 civilis
1394 3799 1566 3900 gubernii

308 3956 392 4005 cum
411 3947 598 4030 potestate
616 3924 807 4026 spirituali,
822 3968 873 3982 -

361 4051 417 4152 2⁰)
437 4051 574 4150 pariter
593 4050 671 4123 haec
688 4045 850 4121 maxima
862 4041 1113 4117 convenientia
1128 4039 1230 4137 quod
1246 4039 1416 4115 S.Sedes
1429 4037 1567 4114 habeat

307 4168 454 4245 civilem
470 4170 564 4243 hanc
583 4164 888 4247 dominationem,
908 4178 947 4234 et

359 4289 415 4388 3⁰)
436 4289 515 4364 haec
530 4286 684 4364 relativa
701 4280 900 4366 necessitas,
921 4279 1077 4355 attentis
1098 4277 1345 4375 praesentibus
1368 4274 1565 4351 socialibus

307 4407 594 4493 conditionibus,
614 4400 906 4477 —constituunt
919 4398 1075 4472 totidem
1096 4397 1269 4470 veritates
1296 4393 1467 4482 morales,
1497 4418 1566 4468 nec
1611 4444 1617 4453 ·

308 4526 504 4624 simplices,
524 4524 592 4600 sed
609 4522 654 4597 ab
667 4519 834 4594 Ecclesia
851 4526 1020 4591 assertas.
1057 4600 1061 4605 .

346 4735 368 4777 1.
386 4720 602 4789 &accersunt
613 4733 683 4785 cart,
695 4725 715 4770 t.
732 4713 827 4784 ll,lib.
842 4725 887 4780 111,
898 4710 940 4766 tit.
954 4721 982 4776 v,
998 4721 1038 4778 ις.
