3496 5482
541 458 725 466 —---—-.-.

121 482 126 491 Ι
242 519 313 592 252
651 515 742 565 ΡΑΡΑ
770 516 829 564 SIT
856 515 931 564 REX
962 514 1088 565 ROMAE.

1236 463 1503 472 ..Μ-.-

526 626 537 630 ⁴.
544 622 768 630 —>—-————-—-—
775 622 912 628 --———-—-
920 623 1005 628 -ῳ
1012 623 1208 632 —————-—..
1442 634 1496 640 ..-

239 684 414 758 abdicant
432 680 639 756 dominium
659 679 785 780 regale
805 698 844 754 ut
864 678 952 754 illud
972 680 1182 755 concedant
1203 680 1375 756 Pontifici
1394 681 1500 779 spiri·

239 801 329 877 tuali
348 802 362 876 ?
383 802 529 875 Notum
547 818 605 875 est
620 798 810 895 quomodo
826 798 1016 895 Principes
1034 799 1188 896 cupiunt
1202 799 1501 896 jurisdictionem

241 921 402 996 retinere
434 918 678 1016 temporalem
711 919 747 991 in
779 910 987 990 dominium
1006 942 1139 1003 suum;
1170 917 1200 990 si
1233 917 1502 1014 proprietatem

241 1056 348 1112 terrae
379 1038 518 1113 cedunt
549 1034 709 1110 subditis
743 1060 980 1132 nequaquam
1010 1034 1225 1110 valedicunt
1254 1034 1502 1111 dominationi

240 1180 318 1229 suae
337 1155 375 1229 in
408 1155 633 1231 territorium
653 1153 810 1252 ejusque
842 1152 992 1226 incolas.
1026 1152 1168 1227 Nonne
1199 1178 1291 1251 ergo
1310 1153 1443 1227 mitum
1463 1172 1502 1226 et

240 1299 392 1372 prorsus
413 1270 673 1370 inexplicabile
688 1289 746 1346 est
758 1270 886 1345 videre
909 1270 1161 1368 Imperatores
1178 1271 1403 1358 Orientales,
1425 1289 1500 1345 tam

242 1390 388 1470 invidos
420 1389 551 1465 alienae
581 1387 790 1487 potestatis,
825 1406 900 1462 tam
920 1386 1114 1486 zelotypos
1145 1414 1213 1486 pro
1241 1390 1502 1466 conservando

241 1535 310 1583 suo
328 1508 507 1595 domini0,
529 1507 769 1582 nihilominus
788 1532 861 1604 ope
880 1507 1121 1604 pragmaticae
1147 1509 1352 1584 sanctionis
1370 1509 1501 1583 confit·

242 1646 388 1702 mantes
409 1626 630 1703 Dominium
650 1625 857 1723 temporale
879 1624 1059 1723 Episcopi
1081 1626 1275 1701 Romani?

294 1761 346 1836 Et
361 1761 573 1837 Gothorum
590 1787 708 1860 reges,
730 1785 965 1835 successores
980 1761 1217 1846 Theoderici,
1235 1760 1298 1859 qui
1318 1762 1501 1860 integram

240 1882 434 1956 ambibant
457 1878 624 1954 ltalicam
653 1879 896 1976 peninsulam,
918 1904 986 1952 nec
1017 1878 1209 1953 minimam
1228 1879 1400 1975 ejusdem
1419 1895 1501 1976 par·

242 2017 318 2073 tem
350 1997 501 2073 alterius
533 1996 772 2094 patiebantur
800 2021 884 2070 esse
913 1997 1119 2093 potestatis
1155 1996 1235 2093 ipsi,
1266 1997 1399 2072 Ariani
1416 2023 1501 2072 cunt

241 2135 369 2192 essent
383 2115 561 2214 plerique,
575 2116 766 2214 quomodo
781 2134 856 2189 tam
877 2116 1131 2214 imprudenter
1149 2134 1187 2190 et
1205 2136 1335 2191 contra
1353 2142 1501 2192 cursum

242 2259 365 2309 rerum
385 2232 625 2317 ordinarium,
641 2251 770 2307 contra
793 2233 955 2307 indolem
972 2259 1077 2305 suam
1105 2233 1322 2320 naturalem,
1345 2232 1501 2332 relique·

243 2369 327 2426 runt
350 2350 591 2426 Pontificibus
611 2352 787 2425 ducatum
810 2351 1057 2426 Romanum?

295 2486 347 2559 Et
365 2487 557 2584 quomodo
576 2487 790 2584 perdecem
810 2485 946 2559 saecula
965 2504 1020 2560 tot
1043 2487 1293 2583 Imperatores
1311 2513 1354 2561 ac
1376 2488 1503 2586 Reges

242 2604 305 2701 qui
324 2604 588 2678 ardentissima
616 2604 826 2703 flagrabant
857 2605 1032 2700 cupidine
1059 2606 1277 2702 possidendi
1302 2605 1446 2680 Urbem
1465 2623 1503 2679 et

241 2747 429 2795 summum
446 2721 665 2796 Pontificem
681 2747 747 2796 ceu
762 2721 950 2820 hospitem
968 2748 1076 2796 suum
1091 2723 1162 2796 sibi
1181 2722 1383 2810 subditum,
1399 2749 1503 2797 num·

242 2865 364 2938 quam,
386 2839 446 2914 vel
465 2839 598 2914 saltem
618 2864 693 2914 non
720 2840 793 2926 diu,
815 2857 988 2913 votorum
1021 2865 1173 2914 suorum
1193 2840 1279 2915 sacti
1298 2860 1385 2916 sunt
1403 2867 1502 2917 com·

242 2977 351 3055 potes
365 2959 381 3034 ?

295 3094 440 3168 Forsan
456 3095 492 3168 id
504 3094 790 3168 adscribendum
804 3094 873 3168 erit
888 3093 1081 3169 ambitioni
1098 3096 1262 3192 ipsorum
1280 3095 1502 3169 Pontificum

242 3230 355 3310 atque
384 3237 513 3288 eorum
550 3214 766 3287 dominandi
803 3212 955 3287 studio?
991 3215 1063 3288 Ast
1092 3214 1245 3288 historia
1276 3216 1501 3289 contrarium

243 3331 419 3416 ostendit,
440 3349 478 3405 et
498 3329 655 3403 humiles
689 3330 889 3404 Pontifices
908 3331 1096 3404 ministros
1128 3332 1282 3407 exhibet
1304 3331 1417 3419 lllius,
1438 3333 1502 3430 qui

245 3451 344 3525 mitis
373 3469 430 3525 est
457 3470 572 3548 atque
602 3450 751 3525 humilis
780 3450 903 3535 corde,
925 3450 1121 3549 factosque
1153 3476 1284 3526 servos
1307 3475 1501 3524 servorum

249 3570 334 3645 Dei.

299 3696 439 3771 Merito
471 3722 563 3795 ergo
585 3695 800 3772 Pallottini:
834 3708 855 3736 “
884 3697 998 3770 Anne
1030 3697 1225 3770 Romanus
1247 3694 1421 3769 Pontifex
1455 3721 1503 3769 ex

245 3814 348 3887 caede
367 3813 529 3889 fraterna
548 3814 692 3911 regium
712 3816 825 3889 etiam
844 3815 1017 3888 diadema
1036 3814 1184 3887 cinxit?
1204 3815 1299 3909 Quis
1318 3815 1501 3912 originem
1587 3847 1588 3850 ¹

245 3930 326 4031 ejus
345 3933 559 4007 enarrabit?
575 3932 688 4028 Quod
707 3934 738 4006 si
757 3934 902 4007 senatui
916 3933 1146 4031 proclamare
1164 3933 1264 4006 licuit
1282 3934 1384 4030 quod
1405 3933 1502 4008 Con·

246 4049 431 4123 stantinus
463 4051 641 4124 instinctu
669 4052 882 4124 divinitatis
921 4052 1158 4125 Maxentium
1192 4051 1418 4149 profligaret,
1457 4078 1503 4126 eo

247 4169 365 4268 magis
385 4169 493 4242 nobis
513 4171 741 4266 proclamare
760 4169 884 4242 licebit
905 4172 1005 4267 quod
1026 4172 1081 4243 vir
1101 4169 1160 4244 ille
1181 4171 1359 4243 instinctu
1378 4171 1505 4243 divino
1526 4167 1528 4170 ’

248 4288 408 4361 Romam
438 4287 656 4385 reliquisset,
688 4308 726 4364 et
757 4290 843 4362 alibi
875 4290 1003 4362 sedem
1034 4290 1177 4385 imperii
1210 4305 1385 4362 curasset.
1408 4288 1504 4381 Quis

244 4431 336 4503 ergo
357 4406 530 4480 Romano
545 4406 715 4480 Pontifici
734 4407 956 4480 Romuleam
974 4408 1129 4482 donavit
1144 4433 1320 4482 coronam
1338 4405 1353 4478 ?
1374 4405 1502 4499 Quan-

244 4523 382 4595 donam
402 4523 433 4596 is
451 4548 545 4608 eam,
566 4550 611 4598 ex
640 4551 713 4622 qua
732 4551 844 4598 causa
864 4544 901 4598 et
920 4526 1116 4599 occasione
1142 4525 1301 4622 adeptus
1320 4522 1410 4597 est?
1433 4522 1503 4595 Hi·

244 4640 360 4715 storia
377 4640 485 4715 silet:
505 4666 615 4715 nemo
633 4645 772 4741 quippe
793 4643 1056 4738 imperatorem
1088 4641 1146 4716 vel
1180 4659 1328 4737 tempus
1347 4637 1502 4736 praecise
