3496 5482
198 733 337 809 dentiae
363 733 519 809 consilio
547 735 717 821 tributus,
746 754 787 809 ut
818 735 950 808 eadem
989 733 1159 809 Ecclesia
1187 736 1453 833 pronuntiavit,

199 878 361 951 eumque
382 853 419 927 in
434 853 682 951 praesentibus
696 852 870 927 humanae
888 852 1078 927 societatis
1096 854 1372 929 conditionibus
1392 880 1455 930 ne-

199 970 400 1046 cessarium
424 971 472 1046 ad
495 970 595 1045 illum
629 971 742 1045 finem
774 970 1079 1067 consequendum
1101 983 1281 1048 recenset.

254 1091 426 1167 Profecto
445 1092 515 1167 etsi
546 1090 717 1166 Ecclesia
742 1090 811 1165 hoc
831 1116 982 1189 quoque
1002 1092 1125 1166 medio
1145 1092 1353 1190 privaretur
1380 1118 1456 1167 non

201 1209 347 1306 periret,
368 1209 456 1307 quia
474 1236 496 1283 a
525 1209 678 1284 Christo
707 1208 948 1284 dictumest:
970 1220 991 1248 “
1014 1210 1123 1296 Ecce,
1143 1212 1230 1309 Ego
1261 1212 1456 1286 vobiscum

201 1353 283 1402 sunt
302 1328 476 1402 omnibus
490 1327 634 1414 diebus,
656 1352 774 1425 usque
793 1329 839 1401 ad
859 1329 1221 1403 consummationem
1241 1329 1364 1403 saeculi
1378 1328 1456 1431 (¹).’'

136 1440 141 1451 ’
202 1446 306 1521 Sicut
338 1446 443 1522 Deus
478 1445 658 1521 Ecclesiae
688 1446 832 1520 adstitit
868 1446 996 1543 primis
1029 1446 1146 1521 tribus
1187 1448 1458 1544 persecutionis

201 1566 357 1655 saeculis,
376 1567 428 1641 sic
457 1567 569 1642 hodie
589 1566 739 1640 adesset
756 1593 763 1651 ;
789 1584 828 1641 et
849 1565 944 1640 lacta
963 1566 1222 1640 demonstrant
1248 1567 1456 1642 Ecclesiam

202 1688 364 1775 stetisse‚·
393 1689 566 1787 quamvis
600 1687 817 1762 Alexander
840 1688 900 1762 lll
924 1688 1117 1763 debuisset
1131 1715 1251 1788 vagus
1281 1688 1455 1773 existere,

203 1806 405 1904 hospitium
424 1832 596 1904 quaerens
615 1807 662 1881 de
682 1805 909 1881 monasterio
935 1806 971 1879 in
993 1807 1269 1892 monasterium,
1286 1807 1458 1903 quumvis

202 1926 368 2022 Joannes
403 1927 416 2000 l
448 1946 485 2002 et
508 1927 594 2001 Pius
623 1928 676 2000 Vl
708 1928 745 2000 in
764 1926 922 2001 vinculis
953 1927 1138 2002 demortui
1169 1927 1255 2012 sint,
1286 1929 1459 2025 quamvis

207 2045 294 2120 Pius
313 2044 392 2118 Vll
414 2062 495 2120 toto
514 2046 770 2144 quinquennio
788 2046 859 2119 sub
878 2064 980 2119 arcta
1006 2047 1175 2119 custodia
1191 2064 1389 2128 teneretur,
1410 2047 1460 2119 ita

204 2181 245 2237 ut
273 2189 340 2261 per
368 2181 488 2238 totum
521 2164 620 2238 istud
640 2182 789 2261 tempus
810 2165 980 2262 nequiret
999 2163 1057 2239 vel
1088 2162 1198 2238 ullam
1220 2164 1459 2263 Encyclicam

204 2283 326 2371 edere,
348 2282 521 2381 quamvis
539 2281 600 2356 alii
614 2282 710 2356 bene
730 2281 833 2356 multi
850 2282 1050 2356 Pontifices
1070 2281 1221 2357 exulare
1240 2283 1358 2357 coacti
1373 2283 1459 2370 sint,

206 2400 291 2495 imo,
308 2418 348 2474 ut
368 2399 407 2476 S.
429 2399 742 2500 GregoriusVll,
765 2400 900 2475 mortui
918 2401 993 2474 sint
1012 2402 1048 2475 in
1068 2399 1189 2474 exilio.

260 2520 343 2595 Nec
364 2518 491 2594 Deum
510 2537 783 2616 percontamur,
801 2519 991 2617 quomodo
1023 2516 1203 2592 Ecclesiae
1221 2535 1258 2592 et
1292 2517 1461 2592 Pontifici

207 2658 447 2727 succurreret,
469 2667 552 2714 cum
572 2641 659 2737 lpse
688 2641 902 2715 universum
922 2640 1102 2715 mundum
1136 2639 1172 2712 in
1192 2655 1459 2713 manuteneat.

208 2760 285 2836 Sed
304 2760 374 2834 hoc
393 2784 467 2834 non
487 2778 587 2834 esset
607 2769 627 2799 ⁴⁴
647 2784 714 2856 pro
735 2760 835 2834 bono
854 2778 891 2834 et
909 2758 1027 2834 libero
1042 2757 1221 2832 Ecclesiae
1240 2757 1462 2831 animarum·

207 2904 284 2979 que
298 2878 522 2978 regimine”,
543 2894 652 2976 prout
678 2877 748 2953 lert
767 2877 968 2952 declaratio
996 2878 1273 2974 Episcoporum
1287 2876 1367 2976 jam
1387 2900 1463 2950 me·

209 3015 376 3084 morata,
410 3014 447 3071 et
471 2996 642 3094 “ingens
678 2996 886 3070 animarum
923 2996 1104 3092 pernicies
1128 2996 1328 3094 ingrueret,
1351 3011 1463 3091 prout

208 3114 439 3214 experientia
457 3113 626 3189 luctuosa
644 3113 770 3188 docuit
789 3111 844 3215 (²)
860 3115 876 3141 '¹

258 3233 356 3332 Quae
394 3233 557 3307 rationes
600 3232 898 3307 confutationum
944 3231 1210 3306 confirmantur
1245 3229 1460 3305 testimonio

209 3353 443 3430 Sanctissimi
465 3351 620 3426 Domini
644 3351 783 3425 Leonis
804 3350 923 3424 Xlll.

262 3483 281 3511 ‘⁶
303 3469 492 3568 Quoniam
512 3495 533 3543 a
564 3495 740 3567 suprema
758 3469 894 3543 summi
917 3468 1109 3543 Pontificis
1128 3467 1350 3542 auctoritate
1369 3466 1465 3541 eius·

209 3619 282 3693 que
300 3591 417 3667 libero
436 3589 616 3664 exercitio
635 3588 775 3685 pendet
789 3589 903 3662 totius
925 3586 1119 3662 Ecclesiae
1138 3587 1289 3673 bonum,
1310 3586 1466 3659 maxim-

209 3736 323 3811 opere
337 3710 515 3783 intererat
535 3725 574 3782 ut
598 3706 678 3781 eius
698 3706 825 3780 nativa
857 3706 1073 3779 autonomia
1091 3731 1133 3778 ac
1153 3704 1305 3779 libertas
1325 3721 1405 3779 tuta
1428 3720 1467 3777 et

209 3854 349 3914 secura,
370 3844 470 3901 sarta
490 3844 663 3923 tectaque
679 3842 780 3898 trans
793 3822 949 3910 saecula,
968 3824 1002 3896 in
1023 3823 1118 3897 illius
1133 3823 1201 3896 viri
1217 3847 1386 3920 persona,
1402 3819 1466 3918 qui

209 3948 342 4025 eadem
361 3945 582 4021 auctoritate
600 3943 790 4042 praeditus
805 3960 915 4028 esset,
931 3962 1142 4016 servaretur
1158 3943 1201 4015 iis
1221 3941 1341 4014 modis
1353 3959 1467 4036 atque

209 4063 452 4151 adminiculis,
460 4088 557 4162 quae
571 4062 698 4137 divina
713 4060 954 4135 Providentia
973 4061 1020 4133 ad
1036 4060 1148 4134 finem
1161 4059 1466 4156 consequendum

210 4185 376 4262 efficacia
389 4201 551 4283 aptaque
569 4183 800 4283 agnovisset.

262 4315 283 4345 “
303 4305 433 4402 Atque
451 4303 502 4377 ita
523 4300 693 4386 Ecclesia
711 4327 758 4375 ex
777 4301 930 4374 diutinis
952 4299 1254 4394 immanibusqne
1273 4321 1467 4396 oppugna·

210 4423 383 4509 tionibus,
404 4447 501 4522 quae
519 4422 624 4520 quasi
645 4422 682 4495 in
712 4420 951 4495 manifestum
977 4421 1025 4494 de
1044 4420 1124 4494 eius
1143 4419 1341 4493 divinitate
1367 4414 1489 4491 testi·⁴

249 4670 272 4712 r.
285 4655 397 4724 Mutet,
410 4655 499 4713 ultim.

247 4750 273 4792 2.
293 4737 338 4791 De
351 4735 478 4805 Angelis,
492 4736 511 4790 l.
524 4752 546 4791 c.

263 4856 324 4911 Papa
336 4854 364 4898 sit
377 4869 416 4898 τοι
429 4855 513 4899 Roma.
