3496 5482
945 500 951 504 -
960 498 1023 506 a-—n

598 564 721 616 CAPUT
747 560 927 612 DECIMUM
955 560 1141 613 TERTIUM.
1429 561 1499 636 295

246 673 713 692 ——---—-—.--—--.-ae—-—

242 753 371 813 extare
386 749 513 832 posset
524 731 683 805 amicum
698 747 812 805 sectae
823 728 1249 826 praedominantis,brevi
1264 728 1499 803 eversionem

241 853 324 929 solii
344 875 557 948 novamque
575 847 732 922 formam
742 849 821 947 jam
842 846 1066 921 meditantis.

297 970 349 1044 Et
381 968 466 1042 ideo
500 967 597 1041 sicut
632 965 809 1040 Herodes
846 964 989 1052 videns,
1024 964 1111 1062 quia
1146 962 1309 1062 placeret
1344 961 1496 1061 ludaeis,

241 1085 426 1186 apposuit,
447 1103 487 1159 ut
515 1083 815 1181 apprehenderet
843 1100 881 1157 et
913 1083 1112 1157 Petrum...
1133 1109 1245 1180 quem
1265 1107 1349 1155 cum
1367 1106 1498 1179 appre-

242 1205 436 1281 hendisset
453 1200 553 1276 misit
565 1201 602 1274 in
620 1225 868 1287 carcerem...,
885 1200 1016 1275 volens
1029 1219 1114 1299 post
1132 1202 1275 1275 Pascha
1293 1200 1499 1298 producere

242 1350 328 1399 eum
347 1321 532 1422 populo...
555 1318 599 1417 (¹)
619 1320 669 1392 ita
686 1319 911 1417 gubernium
931 1320 1029 1395 istud
1052 1319 1334 1395 Monarchicum
1354 1318 1500 1415 placere

243 1442 402 1518 intendit
420 1457 533 1515 sectae
551 1437 709 1536 ejusque
726 1436 880 1513 consilia
897 1439 1109 1515 executioni
1129 1439 1306 1513 mandare
1330 1438 1441 1536 cupit,
1458 1455 1500 1514 ut

147 1579 150 1583 ’
242 1560 306 1634 ubi
324 1558 485 1657 primum
505 1573 720 1632 monstrum
745 1575 916 1655 tempore
942 1576 1192 1634 maturescere
1212 1557 1354 1632 videbit
1374 1582 1498 1657 reges·

243 1704 317 1776 que
334 1695 398 1752 aut
416 1675 560 1772 sopitos
586 1693 650 1749 aut
675 1675 834 1772 propriis
858 1677 1020 1775 negotiis
1048 1676 1234 1764 detentos,
1256 1677 1406 1752 tandem
1435 1674 1499 1749 ali·

171 1778 177 1785 ⁸
243 1795 394 1894 quando
412 1818 520 1869 sunm
541 1792 748 1866 ultimarum
767 1814 1003 1890 exsequatur.

297 1912 429 1986 Eheu!
460 1928 602 2008 quanto
630 1910 666 1982 in
698 1909 911 1985 discrimine
936 1911 1048 2011 igitur
1072 1928 1242 1987 versatur
1261 1937 1334 1986 non
1355 1927 1499 1984 tantum

248 2031 351 2107 Urbs
379 2030 446 2104 sed
480 2026 588 2103 ltalia
615 2028 800 2114 universa,
832 2045 869 2102 et
902 2028 950 2103 in'
968 2055 1079 2128 quam
1108 2030 1275 2126 precario
1304 2047 1403 2103 statu
1435 2051 1500 2125 po·

245 2149 345 2224 litico
375 2147 554 2222 continuo
585 2170 682 2219 nunc
713 2145 827 2244 degit,
848 2147 1033 2245 quassatis
1052 2148 1104 2222 sic
1124 2168 1162 2223 et
1184 2148 1409 2224 conculcatis
1437 2171 1500 2221 an·

244 2266 357 2365 tiquis
393 2263 583 2362 principiis
609 2263 723 2361 juris!
763 2264 1009 2362 Quantopere
1039 2267 1225 2364 optandus
1258 2267 1353 2342 loret
1381 2291 1501 2340 novus

245 2403 364 2459 status
389 2409 437 2457 ex
466 2382 702 2482 reintegratis
729 2383 893 2480 pristinis
915 2384 1062 2482 juribus
1090 2384 1437 2460 internationalibus
1463 2400 1501 2458 et

246 2503 490 2578 reconstituto
512 2500 724 2598 Principatu
743 2499 841 2574 civili
860 2501 899 2575 S.
922 2502 1033 2577 Sedis
1053 2502 1089 2575 in
1113 2501 1219 2576 Italia
1239 2503 1372 2577 iterum
1398 2500 1502 2576 efflo-

246 2640 416 2696 rescente
434 2621 504 2694 sub
536 2618 655 2691 lorma
682 2617 805 2716 aliqua
829 2619 1070 2695 loederativa!
1094 2620 1219 2716 Quam
1249 2620 1501 2696 firmissimum

247 2758 333 2815 tunc
351 2763 501 2838 quoque
519 2738 816 2813 conservationis
834 2739 981 2814 socialis
1006 2740 1164 2814 oriretur
1185 2740 1221 2814 in
1244 2739 1373 2814 Media
1396 2737 1503 2814 Italia

247 2884 320 2933 non
357 2858 476 2933 solum
510 2856 681 2955 regimini
710 2857 953 2933 Monarchico
987 2860 1054 2934 sed
1084 2879 1122 2936 et
1161 2859 1345 2935 universis
1377 2856 1502 2956 regnis

248 2977 425 3074 Europae.

296 3106 329 3167 6.
350 3093 385 3169 O
406 3093 593 3171 lortunata
609 3094 740 3180 Roma,
758 3094 881 3170 olelix
894 3095 1278 3183 artium,scientiarum
1291 3093 1501 3167 divinarum

142 3290 145 3297 ,
246 3229 359 3309 atque
388 3211 633 3287 humanarum
665 3210 796 3285 civitas
829 3213 976 3309 quaein
1006 3232 1105 3288 statu
1137 3211 1382 3287 neutralitatis
1410 3210 1502 3285 inte·

244 3332 417 3429 gerrimae
434 3350 472 3406 et
484 3331 554 3405 sub
570 3328 723 3427 pacifico
733 3331 917 3427 gubernio
930 3331 1067 3405 Vicarii
1087 3331 1269 3428 Principis
1285 3329 1400 3416 Pacis,
1410 3346 1500 3413 tute,

246 3448 412 3524 beateae
427 3473 604 3546 prospere
620 3448 748 3522 vivere
767 3451 918 3545 posses!
937 3448 1002 3524 llle
1021 3450 1120 3525 enim
1137 3451 1220 3524 Rex
1240 3447 1423 3547 pacificus,
1438 3447 1501 3544 qui

247 3583 310 3642 tuo
329 3567 500 3666 regimini
517 3583 663 3663 praeest,
686 3590 759 3639 non
780 3566 886 3641 facile
906 3565 1042 3641 bellum
1062 3567 1200 3642 indicet
1222 3565 1327 3640 alteri
1349 3564 1500 3649 nationi,

246 3685 313 3760 sed
333 3711 379 3759 ne
398 3684 510 3760 vellet
528 3684 679 3783 quidem
702 3709 786 3758 cum
810 3684 1054 3784 belligerente
1074 3711 1236 3783 uuquam
1257 3684 1378 3758 foedus
1398 3684 1500 3758 inire.

249 3812 269 3841 “
288 3802 374 3876 Hoc
393 3802 504 3886 enim,
524 3802 575 3876 ait
593 3800 682 3875 olim
705 3801 791 3875 Pius
811 3802 905 3890 Vll,
924 3803 1012 3900 quid
1033 3801 1132 3876 aliud
1151 3821 1250 3878 esset
1270 3803 1339 3876 nisi
1358 3827 1503 3875 armare

246 3918 342 3994 velle
369 3920 516 3993 Patrem
546 3921 582 3993 in
613 3919 717 4005 filios,
739 3919 834 3995 filios
863 3923 898 3994 in
930 3921 1088 4007 Patrem,
1110 3940 1147 3995 et
1178 3920 1383 3997 Ecclesiam
1416 3920 1499 4007 Dei,

246 4037 521 4112 sanctissimum
541 4036 629 4111 illud
648 4038 849 4125 charitatis,
870 4040 982 4137 pacis,
1000 4040 1304 4126 mansuetudinis,
1323 4040 1501 4113 virtutum

247 4156 413 4230 omnium
447 4157 686 4244 domicilium,
715 4157 867 4232 infinitis
898 4159 1053 4233 miscere
1082 4156 1503 4256 quaestionibus?Quid

248 4275 317 4348 nisi
337 4275 443 4362 velle,
465 4295 503 4351 ut
523 4302 690 4351 summus
711 4274 891 4353 Ecclesiae
913 4277 1084 4352 Pontifex
1099 4279 1179 4377 jam
1200 4303 1274 4351 non
1294 4302 1315 4349 a
1338 4276 1423 4350 Deo
1438 4299 1504 4348 vo·

247 4410 350 4466 catus
369 4392 416 4466 sit
435 4411 624 4491 tamquam
646 4395 784 4482 Aaron,
804 4396 871 4469 sed
891 4394 985 4470 alter
1007 4396 1140 4472 Ismael
1161 4398 1218 4482 sit,
1234 4394 1348 4491 serus
1375 4393 1505 4478 domm·

249 4535 380 4583 manus
394 4512 475 4607 ejus
493 4529 623 4585 contra
641 4537 772 4587 omnes
786 4531 824 4587 et
839 4539 970 4588 manus
988 4515 1154 4589 omnium
1167 4532 1296 4588 contra
1315 4536 1410 4599 eum,
1425 4528 1464 4586 et
1482 4536 1504 4585 e

1343 4661 1504 4671 ..ρ-ψ

289 4723 309 4762 ι.
323 4709 389 4765 Act.
403 4710 512 4781 Apost,
523 4721 580 4782 xu,
590 4726 642 4783 3·4.
