3496 5482
709 492 828 541 INDEX
857 490 1038 541 CAi‘lTUM.

330 666 355 699 ut
366 656 458 700 cunctis
470 656 565 713 populis
576 656 656 699 aetatis
668 663 758 699 nostru:
768 661 889 698 constaret
900 667 948 696 non
959 654 1009 709 ianr
1021 654 1051 697 de
1061 656 1141 698 divina
1149 656 1258 701 doctrina
1270 658 1392 706 iicciesire

332 736 457 788 Rornnnae,
471 737 513 780 seri
525 736 555 780 tie
567 736 651 781 virtute
662 748 774 792 superna.
787 748 836 791 qun
847 735 898 778 soit
909 734 982 791 pollet
990 736 1013 777 in
1025 737 1230 781 conservationem
1241 738 1389 783 societatum

329 814 439 858 civilium.
457 826 516 869 —5
533 813 560 858 ln
571 826 666 859 cussum
684 814 793 858 laborant
807 812 829 855 in
842 812 955 869 praesenti
966 824 1057 862 ornnes.
1078 812 1123 857 nisi
1134 826 1164 857 eo
1180 816 1272 859 sincere
1283 816 1388 859 tendant

329 897 369 933 ut:
384 890 450 945 l’npa
461 889 495 932 si!
505 889 557 931 It'rx
568 890 649 933 anoe
657 904 667 939 ,·
676 894 813 946 opponatur
822 889 869 931 lut-c
879 902 973 931 summa
992 888 1078 931 saluti.»
1090 889 1217 945 quaestioni
1229 891 1316 935 sociali
1322 900 1389 949 prcu-

328 965 397 1009 senti.
412 988 441 996 -
450 968 471 1008 6.
489 964 540 1009 Nos
552 966 623 1021 igitur
633 966 657 1008 in
669 964 835 1021 promovenda
845 964 1017 1007 restauratione
1030 964 1179 1021 Principatus
1190 967 1263 1011 civilis
1276 968 1300 1011 S.
1314 968 1389 1012 Sedis

330 1047 407 1085 ruuctu
417 1052 472 1083 curn
485 1040 538 1084 Deo
550 1054 593 1097 pro
603 1040 651 1085 nris
661 1050 685 1085 et
696 1039 755 1084 iocis
766 1051 930 1096 cooperemur.
942 1052 998 1094 -7.
1010 1038 1078 1083 Hora
1087 1050 1123 1084 est
1132 1041 1182 1097 jain
1194 1054 1238 1086 nos
1249 1042 1279 1086 de
1296 1055 1388 1087 sonrno

328 1129 431 1173 surgere.
446 1140 474 1147 -
485 1118 505 1159 8.
527 1114 626 1161 Nuiinnr
643 1116 752 1173 proiecto
763 1115 934 1160 adminiculum
953 1123 988 1159 est
1008 1115 1185 1171 negligendum.
1200 1141 1229 1149 -
1239 1130 1260 1173 ᾳ.
1284 1118 1387 1175 Propior

328 1203 364 1237 est
375 1192 476 1237 sniusex
496 1193 628 1236 imminenti
642 1194 690 1249 J'nrn
708 1186 869 1237 declinatione
887 1201 969 1239 sectre.
988 1192 1025 1235 cui
1045 1192 1115 1237 irrisit
1132 1194 1247 1250 providus
1264 1195 1330 1239 Dens
1341 1208 1387 1252 per

328 1268 540 1325 proclamationem
553 1269 653 1312 Conciiii
666 1269 791 1313 Vaticani:
806 1275 821 1290 ¹·
838 1268 986 1313 Constitutio
996 1269 1134 1325 dogmatica
1146 1270 1222 1327 prima
1233 1272 1263 1315 de
1276 1272 1385 1316 Fuciesia

329 1344 417 1389 Christi
430 1344 449 1388 ''.
460 1368 489 1375 -
501 1358 532 1387 ro.
549 1344 664 1389 Mirnlriiis
675 1353 698 1387 et
710 1344 874 1399 insuperabilis
886 1357 943 1388 ιιιιιο
954 1345 1125 1390 catholicorum
1137 1360 1191 1391 cunr
1205 1346 1319 1392 i’ontiiice
1334 1348 1384 1393 Ro-

328 1432 401 1463 urnno
412 1420 558 1476 prtesagiurn
568 1428 604 1463 est
616 1428 690 1464 certae
702 1420 816 1464 victoriee.
829 1443 858 1451 -
871 1433 905 1463 ιι.
922 1420 984 1464 iiuic
993 1434 1051 1476 ergo
1062 1430 1085 1465 et
1096 1434 1141 1466 nos
1151 1432 1247 1466 strenue
1257 1423 1385 1467 adhaerere

328 1502 422 1552 oportet
433 1496 534 1546 :exinde
542 1497 631 1540 orietur
639 1498 703 1541 salus
714 1496 835 1541 societatis
843 1504 866 1540 et
874 1496 1047 1541 acclamabitur
1059 1498 1164 1543 licciesia
1179 1499 1288 1543 Romana
1297 1512 1303 1543 :
1312 1498 1382 1557 Pnpn

327 1572 361 1615 rit
370 1586 413 1615 rex
424 1571 509 1619 Rumae.
523 1572 570 1615 hirc
580 1586 673 1616 summo
686 1572 771 1616 solutio
781 1572 918 1631 questionis
929 1572 1025 1616 socialis
1034 1574 1164 1631 presentis.
1178 1599 1206 1606 -
1221 1589 1252 1618 ιι,
1269 1575 1384 1633 Hymnus

328 1656 351 1692 et
362 1648 439 1693 orntio
450 1648 535 1693 tinaiis.

241 1786 562 1839 APPENDICULA.
585 1811 619 1820 -
639 1784 791 1851 specimen
815 1782 1014 1838 vindicationis
1041 1786 1167 1840 Dominii
1190 1785 1354 1856 temporalis
1381 1790 1411 1841 S.

311 1874 394 1926 Sedis
408 1873 495 1926 etiam
510 1885 625 1942 propter
638 1874 743 1926 bonurn
759 1874 905 1928 societatis
926 1873 1025 1941 civilis,
1039 1891 1115 1928 anno
1133 1868 1229 1943 18965
1246 1876 1411 1945 congressu

310 1959 696 2015 Trenroniensioblatunr...
1452 1982 1506 2029 40¹

240 2046 458 2101 Animadversio
486 2048 522 2100 tie
551 2050 626 2101 notis
646 2048 785 2118 appositis
807 2049 835 2102 in
856 2049 1046 2118 dijudicandis
1068 2052 1153 2104 rarus
1173 2054 1348 2119 veritatibus,
1371 2054 1410 2105 ad

311 2134 625 2203 iidernpertinentibus.
1451 2157 1507 2205 402

241 2221 465 2275 Nomenclaturn
477 2232 624 2275 auctorum
640 2224 776 2293 (exceptis
798 2223 1000 2292 hagiographis
1015 2228 1041 2277 5.
1058 2226 1223 2294 scripturae)
1244 2226 1292 2295 qui
1311 2226 1339 2278 in
1354 2227 1410 2279 hoc

310 2308 556 2363 iibrocitantur...
1451 2332 1506 2381 407

243 2395 480 2449 indexrerunr...
606 2442 621 2449 ..
891 2444 906 2450 ..
962 2444 977 2451 ..
1033 2444 1048 2451 ..
1449 2418 1502 2465 uri

241 2484 483 2554 indexcapiturn..
1450 2492 1506 2554 418

557 2661 765 2719 TABULAE
791 2662 1173 2721 GEOGRAPHICAE.

241 2816 261 2867 i.
276 2845 309 2853 —
325 2815 406 2869 ltalia
419 2817 523 2869 saeculo
539 2816 609 2867 Viii
627 2826 652 2869 et
671 2815 835 2868 Dominiuru
851 2817 878 2870 S.
889 2816 972 2870 Sedis
986 2827 1112 2887 tempore
1126 2816 1288 2871 donationis
1304 2817 1407 2887 Pipini.

362 2935 395 2942 --
412 2906 495 2958 initio
510 2903 580 2957 libri.

240 2992 323 3045 11.-
343 2993 425 3046 italia
438 2992 550 3045 saeculis
571 2993 596 3044 X
618 3003 645 3045 et
660 2993 701 3044 xi
726 3005 753 3045 et
772 2994 934 3046 Douriniurn
959 2996 985 3047 S.
1002 2994 1084 3047 Sedis
1106 3007 1168 3063 post
1192 2995 1408 3049 donationema

361 3082 506 3135 comitissa
519 3082 646 3134 Matiida.
664 3083 729 3136 Post
741 3092 824 3149 caput
842 3084 881 3134 IV
884 3122 890 3148 ,
904 3100 954 3135 seu
969 3100 1031 3151 pag.
1046 3084 1087 3148 84.

241 3168 294 3220 ili.
309 3198 342 3205 —
358 3169 441 3221 italia
451 3186 525 3222 anno
539 3170 602 3236 1815
617 3180 644 3221 et
656 3170 815 3223 Comitatus
828 3169 1018 3223 Vindascinus
1028 3186 1137 3223 necnon
1148 3170 1316 3225 territorium
1331 3171 1407 3222 Ave-

361 3255 506 3309 nionense.
522 3287 552 3294 —-
567 3258 642 3308 Ante
656 3269 740 3326 caput
752 3258 819 3323 vil,
834 3274 882 3310 sen
897 3275 958 3325 pag.
978 3272 1033 3323 144·

453 4655 520 4708 Typir
534 4656 648 4699 sot-ieratis
663 4657 735 4699 sanni
750 4657 873 4709 Augustini,
889 4657 985 4707 nescite,
1001 4657 1033 4698 De
1052 4658 1151 4701 ¹irouwer
1163 4669 1185 4699 et
1199 4658 1262 4702 Socii.
