<?xml version="1.0" encoding="UTF-8"?>
<!DOCTYPE html PUBLIC "-//W3C//DTD XHTML 1.0 Transitional//EN"
    "http://www.w3.org/TR/xhtml1/DTD/xhtml1-transitional.dtd">
<html xmlns="http://www.w3.org/1999/xhtml" xml:lang="en" lang="en">
 <head>
  <title>
</title>
<meta http-equiv="Content-Type" content="text/html;charset=utf-8" />
  <meta name='ocr-system' content='tesseract 3.04.00' />
  <meta name='ocr-capabilities' content='ocr_page ocr_carea ocr_par ocr_line ocrx_word'/>
</head>
<body>
  <div class='ocr_page' id='page_1' title='image "./papasitrexromae00godtgoog_0213.png"; bbox 0 0 3496 5482; ppageno 0'>
   <div class='ocr_carea' id='block_1_1' title="bbox 248 515 1091 604">
    <p class='ocr_par' dir='ltr' id='par_1_1' title="bbox 248 515 1091 604">
     <span class='ocr_line' id='line_1_1' title="bbox 248 515 1091 604; baseline -0.006 -18"><span class='ocrx_word' id='word_1_1' title='bbox 248 515 316 604; x_wconf 86' lang='lat'>198</span> <span class='ocrx_word' id='word_1_2' title='bbox 651 532 744 582; x_wconf 69' lang='lat' dir='ltr'>enen</span> <span class='ocrx_word' id='word_1_3' title='bbox 771 533 829 581; x_wconf 79' lang='lat' dir='ltr'>sm</span> <span class='ocrx_word' id='word_1_4' title='bbox 858 532 933 582; x_wconf 74' lang='lat' dir='ltr'>sax</span> <span class='ocrx_word' id='word_1_5' title='bbox 963 531 1091 584; x_wconf 75' lang='lat' dir='ltr'>noun.</span> 
     </span>
    </p>
   </div>
   <div class='ocr_carea' id='block_1_2' title="bbox 240 691 1510 4561">
    <p class='ocr_par' dir='ltr' id='par_1_2' title="bbox 240 691 1510 2663">
     <span class='ocr_line' id='line_1_2' title="bbox 291 691 1510 790; baseline -0.001 -21"><span class='ocrx_word' id='word_1_6' title='bbox 291 709 326 770; x_wconf 91' lang='lat'>2.</span> <span class='ocrx_word' id='word_1_7' title='bbox 359 694 433 768; x_wconf 92' lang='lat' dir='ltr'>Hic</span> <span class='ocrx_word' id='word_1_8' title='bbox 452 710 556 790; x_wconf 91' lang='lat' dir='ltr'>patet</span> <span class='ocrx_word' id='word_1_9' title='bbox 573 716 665 790; x_wconf 87' lang='lat' dir='ltr'>ergo</span> <span class='ocrx_word' id='word_1_10' title='bbox 676 692 798 766; x_wconf 92' lang='lat' dir='ltr'>omnis</span> <span class='ocrx_word' id='word_1_11' title='bbox 810 691 1006 766; x_wconf 91' lang='lat' dir='ltr'>socialismi</span> <span class='ocrx_word' id='word_1_12' title='bbox 1031 692 1187 779; x_wconf 90' lang='lat' dir='ltr'>animus,</span> <span class='ocrx_word' id='word_1_13' title='bbox 1204 710 1244 766; x_wconf 94' lang='lat' dir='ltr'>ut</span> <span class='ocrx_word' id='word_1_14' title='bbox 1268 694 1510 769; x_wconf 82' lang='lat' dir='ltr'>societatibus</span> 
     </span>
     <span class='ocr_line' id='line_1_3' title="bbox 240 810 1508 907; baseline -0.002 -20"><span class='ocrx_word' id='word_1_15' title='bbox 240 811 462 901; x_wconf 91' lang='lat' dir='ltr'>christianis,</span> <span class='ocrx_word' id='word_1_16' title='bbox 474 812 523 885; x_wconf 91' lang='lat' dir='ltr'>ab</span> <span class='ocrx_word' id='word_1_17' title='bbox 538 810 706 885; x_wconf 83' lang='lat' dir='ltr'>Ecclesia</span> <span class='ocrx_word' id='word_1_18' title='bbox 722 836 788 907; x_wconf 90' lang='lat' dir='ltr'>per</span> <span class='ocrx_word' id='word_1_19' title='bbox 799 811 1018 884; x_wconf 90' lang='lat' dir='ltr'>continuum</span> <span class='ocrx_word' id='word_1_20' title='bbox 1031 810 1197 886; x_wconf 93' lang='lat' dir='ltr'>laborem</span> <span class='ocrx_word' id='word_1_21' title='bbox 1216 829 1272 886; x_wconf 92' lang='lat' dir='ltr'>tot</span> <span class='ocrx_word' id='word_1_22' title='bbox 1289 811 1508 887; x_wconf 67' lang='lat' dir='ltr'>saeculorum</span> 
     </span>
     <span class='ocr_line' id='line_1_4' title="bbox 242 928 1510 1030; baseline 0 -24"><span class='ocrx_word' id='word_1_23' title='bbox 242 931 449 1030; x_wconf 85' lang='lat' dir='ltr'><strong>progenitis</strong></span> <span class='ocrx_word' id='word_1_24' title='bbox 479 947 592 1027; x_wconf 91' lang='lat' dir='ltr'>atque</span> <span class='ocrx_word' id='word_1_25' title='bbox 624 928 801 1015; x_wconf 83' lang='lat' dir='ltr'>formatis,</span> <span class='ocrx_word' id='word_1_26' title='bbox 833 930 1033 1004; x_wconf 86' lang='lat' dir='ltr'>substituat</span> <span class='ocrx_word' id='word_1_27' title='bbox 1060 930 1288 1006; x_wconf 90' lang='lat' dir='ltr'>societatem</span> <span class='ocrx_word' id='word_1_28' title='bbox 1319 932 1510 1030; x_wconf 82' lang='lat' dir='ltr'>principiis</span> 
     </span>
     <span class='ocr_line' id='line_1_5' title="bbox 243 1047 1509 1150; baseline -0.001 -24"><span class='ocrx_word' id='word_1_29' title='bbox 243 1049 454 1150; x_wconf 82' lang='lat' dir='ltr'>paganismi</span> <span class='ocrx_word' id='word_1_30' title='bbox 488 1047 638 1146; x_wconf 90' lang='lat' dir='ltr'>penitus</span> <span class='ocrx_word' id='word_1_31' title='bbox 669 1047 860 1121; x_wconf 90' lang='lat' dir='ltr'>imbutam.</span> <span class='ocrx_word' id='word_1_32' title='bbox 896 1048 998 1122; x_wconf 88' lang='lat' dir='ltr'>Hinc</span> <span class='ocrx_word' id='word_1_33' title='bbox 1038 1047 1107 1136; x_wconf 91' lang='lat' dir='ltr'>illa,</span> <span class='ocrx_word' id='word_1_34' title='bbox 1146 1075 1230 1146; x_wconf 89' lang='lat' dir='ltr'>quae</span> <span class='ocrx_word' id='word_1_35' title='bbox 1260 1050 1296 1123; x_wconf 91' lang='lat' dir='ltr'>in</span> <span class='ocrx_word' id='word_1_36' title='bbox 1334 1051 1509 1124; x_wconf 91' lang='lat' dir='ltr'>omnibus</span> 
     </span>
     <span class='ocr_line' id='line_1_6' title="bbox 242 1165 1507 1269; baseline -0.002 -26"><span class='ocrx_word' id='word_1_37' title='bbox 242 1167 472 1244; x_wconf 89' lang='lat' dir='ltr'>socialisticis</span> <span class='ocrx_word' id='word_1_38' title='bbox 499 1167 620 1251; x_wconf 91' lang='lat' dir='ltr'>sectis,</span> <span class='ocrx_word' id='word_1_39' title='bbox 653 1190 889 1263; x_wconf 91' lang='lat' dir='ltr'>quocumque</span> <span class='ocrx_word' id='word_1_40' title='bbox 921 1165 1157 1264; x_wconf 85' lang='lat' dir='ltr'>insignantur</span> <span class='ocrx_word' id='word_1_41' title='bbox 1190 1168 1351 1254; x_wconf 92' lang='lat' dir='ltr'>nomine,</span> <span class='ocrx_word' id='word_1_42' title='bbox 1381 1169 1507 1269; x_wconf 91' lang='lat' dir='ltr'>detegi</span> 
     </span>
     <span class='ocr_line' id='line_1_7' title="bbox 243 1282 1507 1384; baseline -0.001 -23"><span class='ocrx_word' id='word_1_43' title='bbox 243 1304 378 1384; x_wconf 92' lang='lat' dir='ltr'>potest,</span> <span class='ocrx_word' id='word_1_44' title='bbox 400 1311 517 1383; x_wconf 89' lang='lat' dir='ltr'>prava</span> <span class='ocrx_word' id='word_1_45' title='bbox 535 1282 691 1368; x_wconf 83' lang='lat' dir='ltr'>indoles,</span> <span class='ocrx_word' id='word_1_46' title='bbox 712 1282 783 1357; x_wconf 91' lang='lat' dir='ltr'>hoc</span> <span class='ocrx_word' id='word_1_47' title='bbox 804 1282 939 1381; x_wconf 87' lang='lat' dir='ltr'>triplex</span> <span class='ocrx_word' id='word_1_48' title='bbox 958 1295 1125 1380; x_wconf 88' lang='lat' dir='ltr'>perenne</span> <span class='ocrx_word' id='word_1_49' title='bbox 1152 1284 1290 1372; x_wconf 90' lang='lat' dir='ltr'>odium,</span> <span class='ocrx_word' id='word_1_50' title='bbox 1312 1286 1507 1361; x_wconf 91' lang='lat' dir='ltr'>nimirum:</span> 
     </span>
     <span class='ocr_line' id='line_1_8' title="bbox 243 1400 1508 1501; baseline 0.003 -24"><span class='ocrx_word' id='word_1_51' title='bbox 243 1403 438 1477; x_wconf 92' lang='lat' dir='ltr'>—odium</span> <span class='ocrx_word' id='word_1_52' title='bbox 471 1402 507 1474; x_wconf 92' lang='lat' dir='ltr'>in</span> <span class='ocrx_word' id='word_1_53' title='bbox 542 1400 778 1499; x_wconf 81' lang='lat' dir='ltr'>Religionem</span> <span class='ocrx_word' id='word_1_54' title='bbox 810 1401 1031 1477; x_wconf 88' lang='lat' dir='ltr'>catholicam</span> <span class='ocrx_word' id='word_1_55' title='bbox 1063 1419 1101 1476; x_wconf 92' lang='lat' dir='ltr'>et</span> <span class='ocrx_word' id='word_1_56' title='bbox 1138 1402 1319 1478; x_wconf 87' lang='lat' dir='ltr'>veritates</span> <span class='ocrx_word' id='word_1_57' title='bbox 1347 1430 1432 1501; x_wconf 84' lang='lat' dir='ltr'>quae</span> <span class='ocrx_word' id='word_1_58' title='bbox 1460 1406 1508 1481; x_wconf 91' lang='lat' dir='ltr'>ab</span> 
     </span>
     <span class='ocr_line' id='line_1_9' title="bbox 245 1510 1509 1619; baseline 0.002 -24"><span class='ocrx_word' id='word_1_59' title='bbox 245 1510 325 1619; x_wconf 93' lang='lat' dir='ltr'>ipsa</span> <span class='ocrx_word' id='word_1_60' title='bbox 343 1546 459 1595; x_wconf 82' lang='lat' dir='ltr'>sacrae</span> <span class='ocrx_word' id='word_1_61' title='bbox 477 1519 671 1605; x_wconf 89' lang='lat' dir='ltr'>habentur,</span> <span class='ocrx_word' id='word_1_62' title='bbox 693 1519 729 1593; x_wconf 92' lang='lat' dir='ltr'>in</span> <span class='ocrx_word' id='word_1_63' title='bbox 750 1518 991 1594; x_wconf 89' lang='lat' dir='ltr'>relationibus</span> <span class='ocrx_word' id='word_1_64' title='bbox 1010 1521 1218 1616; x_wconf 85' lang='lat' dir='ltr'>praesertim</span> <span class='ocrx_word' id='word_1_65' title='bbox 1239 1521 1446 1610; x_wconf 89' lang='lat' dir='ltr'>socialibus,</span> <span class='ocrx_word' id='word_1_66' title='bbox 1467 1541 1509 1598; x_wconf 91' lang='lat' dir='ltr'>ut</span> 
     </span>
     <span class='ocr_line' id='line_1_10' title="bbox 244 1636 1508 1725; baseline -0.002 -9"><span class='ocrx_word' id='word_1_67' title='bbox 244 1658 302 1716; x_wconf 88' lang='lat' dir='ltr'>est</span> <span class='ocrx_word' id='word_1_68' title='bbox 334 1638 559 1713; x_wconf 85' lang='lat' dir='ltr'>matrimonii</span> <span class='ocrx_word' id='word_1_69' title='bbox 592 1636 849 1712; x_wconf 89' lang='lat' dir='ltr'>indissolubile</span> <span class='ocrx_word' id='word_1_70' title='bbox 878 1638 1066 1712; x_wconf 91' lang='lat' dir='ltr'>vinculum</span> <span class='ocrx_word' id='word_1_71' title='bbox 1089 1667 1166 1725; x_wconf 93' lang='lat'>;-</span> <span class='ocrx_word' id='word_1_72' title='bbox 1193 1639 1319 1714; x_wconf 90' lang='lat' dir='ltr'>odium</span> <span class='ocrx_word' id='word_1_73' title='bbox 1352 1641 1439 1716; x_wconf 91' lang='lat' dir='ltr'>dein</span> <span class='ocrx_word' id='word_1_74' title='bbox 1471 1642 1508 1715; x_wconf 92' lang='lat' dir='ltr'>in</span> 
     </span>
     <span class='ocr_line' id='line_1_11' title="bbox 246 1756 1509 1855; baseline 0.002 -24"><span class='ocrx_word' id='word_1_75' title='bbox 246 1757 512 1855; x_wconf 90' lang='lat' dir='ltr'>proprietatem</span> <span class='ocrx_word' id='word_1_76' title='bbox 531 1756 687 1853; x_wconf 90' lang='lat' dir='ltr'>ejusque</span> <span class='ocrx_word' id='word_1_77' title='bbox 701 1757 809 1854; x_wconf 90' lang='lat' dir='ltr'>jura;</span> <span class='ocrx_word' id='word_1_78' title='bbox 828 1801 877 1812; x_wconf 87' lang='lat'>-</span> <span class='ocrx_word' id='word_1_79' title='bbox 896 1756 1024 1829; x_wconf 92' lang='lat' dir='ltr'>odium</span> <span class='ocrx_word' id='word_1_80' title='bbox 1044 1774 1237 1853; x_wconf 90' lang='lat' dir='ltr'>postremo</span> <span class='ocrx_word' id='word_1_81' title='bbox 1257 1758 1293 1831; x_wconf 95' lang='lat' dir='ltr'>in</span> <span class='ocrx_word' id='word_1_82' title='bbox 1313 1759 1509 1834; x_wconf 89' lang='lat' dir='ltr'>auctorita-</span> 
     </span>
     <span class='ocr_line' id='line_1_12' title="bbox 245 1872 1508 1974; baseline 0.002 -26"><span class='ocrx_word' id='word_1_83' title='bbox 245 1891 320 1949; x_wconf 90' lang='lat' dir='ltr'>tem</span> <span class='ocrx_word' id='word_1_84' title='bbox 340 1900 502 1950; x_wconf 91' lang='lat' dir='ltr'>omnem.</span> <span class='ocrx_word' id='word_1_85' title='bbox 524 1874 586 1949; x_wconf 89' lang='lat' dir='ltr'>Sic</span> <span class='ocrx_word' id='word_1_86' title='bbox 607 1898 674 1949; x_wconf 92' lang='lat' dir='ltr'>nos</span> <span class='ocrx_word' id='word_1_87' title='bbox 694 1891 821 1948; x_wconf 90' lang='lat' dir='ltr'>monet</span> <span class='ocrx_word' id='word_1_88' title='bbox 835 1874 924 1947; x_wconf 91' lang='lat' dir='ltr'>Pius</span> <span class='ocrx_word' id='word_1_89' title='bbox 947 1873 1003 1946; x_wconf 90' lang='lat' dir='ltr'>IX</span> <span class='ocrx_word' id='word_1_90' title='bbox 1024 1872 1067 1974; x_wconf 86' lang='lat'>(¹)</span> <span class='ocrx_word' id='word_1_91' title='bbox 1085 1883 1128 1947; x_wconf 86' lang='lat'>:‘⁴</span> <span class='ocrx_word' id='word_1_92' title='bbox 1141 1874 1204 1947; x_wconf 89' lang='lat' dir='ltr'>Ad</span> <span class='ocrx_word' id='word_1_93' title='bbox 1224 1876 1508 1951; x_wconf 90' lang='lat' dir='ltr'>subversionem</span> 
     </span>
     <span class='ocr_line' id='line_1_13' title="bbox 246 1991 1509 2090; baseline 0 -21"><span class='ocrx_word' id='word_1_94' title='bbox 246 1991 441 2090; x_wconf 92' lang='lat' dir='ltr'>impellunt</span> <span class='ocrx_word' id='word_1_95' title='bbox 467 1992 582 2067; x_wconf 91' lang='lat' dir='ltr'>totius</span> <span class='ocrx_word' id='word_1_96' title='bbox 623 1991 764 2065; x_wconf 91' lang='lat' dir='ltr'>ordinis</span> <span class='ocrx_word' id='word_1_97' title='bbox 794 1992 1039 2065; x_wconf 92' lang='lat' dir='ltr'>humanarum</span> <span class='ocrx_word' id='word_1_98' title='bbox 1071 2017 1194 2066; x_wconf 90' lang='lat' dir='ltr'>rerum</span> <span class='ocrx_word' id='word_1_99' title='bbox 1227 2010 1340 2090; x_wconf 92' lang='lat' dir='ltr'>atque</span> <span class='ocrx_word' id='word_1_100' title='bbox 1369 1995 1509 2069; x_wconf 81' lang='lat' dir='ltr'>nefaria</span> 
     </span>
     <span class='ocr_line' id='line_1_14' title="bbox 247 2109 1509 2207; baseline 0.001 -21"><span class='ocrx_word' id='word_1_101' title='bbox 247 2111 335 2186; x_wconf 93' lang='lat' dir='ltr'>novi</span> <span class='ocrx_word' id='word_1_102' title='bbox 349 2110 547 2186; x_wconf 92' lang='lat' dir='ltr'>socialismi</span> <span class='ocrx_word' id='word_1_103' title='bbox 560 2127 598 2184; x_wconf 93' lang='lat' dir='ltr'>et</span> <span class='ocrx_word' id='word_1_104' title='bbox 609 2109 870 2184; x_wconf 92' lang='lat' dir='ltr'>communismi</span> <span class='ocrx_word' id='word_1_105' title='bbox 885 2126 1091 2207; x_wconf 89' lang='lat' dir='ltr'>systemata</span> <span class='ocrx_word' id='word_1_106' title='bbox 1103 2110 1348 2187; x_wconf 89' lang='lat' dir='ltr'>traducunt...</span> <span class='ocrx_word' id='word_1_107' title='bbox 1361 2137 1509 2188; x_wconf 90' lang='lat' dir='ltr'>summo</span> 
     </span>
     <span class='ocr_line' id='line_1_15' title="bbox 247 2227 1505 2337; baseline 0.004 -33"><span class='ocrx_word' id='word_1_108' title='bbox 247 2250 378 2306; x_wconf 91' lang='lat' dir='ltr'>contra</span> <span class='ocrx_word' id='word_1_109' title='bbox 392 2230 612 2337; x_wconf 86' lang='lat' dir='ltr'>catholicam</span> <span class='ocrx_word' id='word_1_110' title='bbox 631 2231 828 2305; x_wconf 89' lang='lat' dir='ltr'>veritatem</span> <span class='ocrx_word' id='word_1_111' title='bbox 848 2230 936 2304; x_wconf 94' lang='lat' dir='ltr'>odio</span> <span class='ocrx_word' id='word_1_112' title='bbox 948 2227 1068 2328; x_wconf 84' lang='lat' dir='ltr'>(sunt)</span> <span class='ocrx_word' id='word_1_113' title='bbox 1087 2230 1288 2308; x_wconf 89' lang='lat' dir='ltr'>animati...</span> <span class='ocrx_word' id='word_1_114' title='bbox 1307 2232 1505 2309; x_wconf 82' lang='lat' dir='ltr'>Norunt...</span> 
     </span>
     <span class='ocr_line' id='line_1_16' title="bbox 247 2349 1508 2451; baseline 0 -26"><span class='ocrx_word' id='word_1_115' title='bbox 247 2370 285 2425; x_wconf 91' lang='lat' dir='ltr'>et</span> <span class='ocrx_word' id='word_1_116' title='bbox 309 2350 426 2451; x_wconf 10' lang='lat' dir='ltr'>longo*</span> <span class='ocrx_word' id='word_1_117' title='bbox 453 2351 652 2428; x_wconf 89' lang='lat' dir='ltr'>multorum</span> <span class='ocrx_word' id='word_1_118' title='bbox 685 2349 904 2425; x_wconf 85' lang='lat' dir='ltr'>saeculorum</span> <span class='ocrx_word' id='word_1_119' title='bbox 932 2350 1195 2447; x_wconf 85' lang='lat' dir='ltr'>experimento</span> <span class='ocrx_word' id='word_1_120' title='bbox 1225 2352 1508 2448; x_wconf 92' lang='lat' dir='ltr'>comprobatum</span> 
     </span>
     <span class='ocr_line' id='line_1_17' title="bbox 248 2469 1509 2565; baseline 0.002 -24"><span class='ocrx_word' id='word_1_121' title='bbox 248 2469 388 2557; x_wconf 90' lang='lat' dir='ltr'>vident,</span> <span class='ocrx_word' id='word_1_122' title='bbox 406 2470 544 2545; x_wconf 91' lang='lat' dir='ltr'>nullam</span> <span class='ocrx_word' id='word_1_123' title='bbox 555 2470 626 2545; x_wconf 91' lang='lat' dir='ltr'>sibi</span> <span class='ocrx_word' id='word_1_124' title='bbox 641 2469 927 2544; x_wconf 90' lang='lat' dir='ltr'>consensionem</span> <span class='ocrx_word' id='word_1_125' title='bbox 942 2493 1093 2565; x_wconf 90' lang='lat' dir='ltr'>sperare</span> <span class='ocrx_word' id='word_1_126' title='bbox 1113 2493 1224 2564; x_wconf 91' lang='lat' dir='ltr'>posse</span> <span class='ocrx_word' id='word_1_127' title='bbox 1237 2495 1321 2543; x_wconf 91' lang='lat' dir='ltr'>cum</span> <span class='ocrx_word' id='word_1_128' title='bbox 1339 2469 1509 2545; x_wconf 88' lang='lat' dir='ltr'>Ecclesia</span> 
     </span>
     <span class='ocr_line' id='line_1_18' title="bbox 247 2586 481 2663; baseline 0.013 -2"><span class='ocrx_word' id='word_1_129' title='bbox 247 2586 442 2663; x_wconf 91' lang='lat' dir='ltr'>catholica.</span> <span class='ocrx_word' id='word_1_130' title='bbox 464 2589 481 2617; x_wconf 78' lang='lat'>&#39;⁸</span> 
     </span>
    </p>

    <p class='ocr_par' dir='ltr' id='par_1_3' title="bbox 247 2703 1509 3277">
     <span class='ocr_line' id='line_1_19' title="bbox 300 2703 1508 2803; baseline 0.003 -23"><span class='ocrx_word' id='word_1_131' title='bbox 300 2707 402 2803; x_wconf 84' lang='lat' dir='ltr'>Quid</span> <span class='ocrx_word' id='word_1_132' title='bbox 422 2707 556 2781; x_wconf 91' lang='lat' dir='ltr'>attinet</span> <span class='ocrx_word' id='word_1_133' title='bbox 570 2705 717 2792; x_wconf 91' lang='lat' dir='ltr'>deinde,</span> <span class='ocrx_word' id='word_1_134' title='bbox 739 2706 770 2780; x_wconf 92' lang='lat' dir='ltr'>si</span> <span class='ocrx_word' id='word_1_135' title='bbox 802 2722 841 2779; x_wconf 94' lang='lat' dir='ltr'>ut</span> <span class='ocrx_word' id='word_1_136' title='bbox 864 2705 965 2801; x_wconf 92' lang='lat' dir='ltr'>Papa</span> <span class='ocrx_word' id='word_1_137' title='bbox 984 2703 1147 2801; x_wconf 93' lang='lat' dir='ltr'>loquitur</span> <span class='ocrx_word' id='word_1_138' title='bbox 1168 2715 1187 2744; x_wconf 83' lang='lat'>‘⁴</span> <span class='ocrx_word' id='word_1_139' title='bbox 1207 2704 1297 2803; x_wconf 91' lang='lat' dir='ltr'>ipsis</span> <span class='ocrx_word' id='word_1_140' title='bbox 1316 2732 1383 2783; x_wconf 93' lang='lat' dir='ltr'>seu</span> <span class='ocrx_word' id='word_1_141' title='bbox 1410 2735 1508 2784; x_wconf 92' lang='lat' dir='ltr'>com·</span> 
     </span>
     <span class='ocr_line' id='line_1_20' title="bbox 247 2822 1509 2923; baseline 0.002 -24"><span class='ocrx_word' id='word_1_142' title='bbox 247 2826 421 2899; x_wconf 89' lang='lat' dir='ltr'>munismi</span> <span class='ocrx_word' id='word_1_143' title='bbox 433 2851 498 2899; x_wconf 90' lang='lat' dir='ltr'>seu</span> <span class='ocrx_word' id='word_1_144' title='bbox 511 2825 709 2899; x_wconf 92' lang='lat' dir='ltr'>socialismi</span> <span class='ocrx_word' id='word_1_145' title='bbox 725 2823 1080 2923; x_wconf 90' lang='lat' dir='ltr'>magistris,diversa</span> <span class='ocrx_word' id='word_1_146' title='bbox 1094 2822 1179 2897; x_wconf 91' lang='lat' dir='ltr'>licet</span> <span class='ocrx_word' id='word_1_147' title='bbox 1191 2824 1261 2907; x_wconf 91' lang='lat' dir='ltr'>via,</span> <span class='ocrx_word' id='word_1_148' title='bbox 1273 2851 1315 2899; x_wconf 93' lang='lat' dir='ltr'>ac</span> <span class='ocrx_word' id='word_1_149' title='bbox 1331 2828 1509 2902; x_wconf 91' lang='lat' dir='ltr'>methodo</span> 
     </span>
     <span class='ocr_line' id='line_1_21' title="bbox 247 2942 1508 3043; baseline 0.002 -26"><span class='ocrx_word' id='word_1_150' title='bbox 247 2944 449 3043; x_wconf 89' lang='lat' dir='ltr'>agentibus</span> <span class='ocrx_word' id='word_1_151' title='bbox 469 2943 486 2972; x_wconf 84' lang='lat'>’‘</span> <span class='ocrx_word' id='word_1_152' title='bbox 505 2942 565 3017; x_wconf 92' lang='lat' dir='ltr'>alii</span> <span class='ocrx_word' id='word_1_153' title='bbox 584 2943 656 3016; x_wconf 92' lang='lat' dir='ltr'>alia</span> <span class='ocrx_word' id='word_1_154' title='bbox 687 2942 877 3040; x_wconf 90' lang='lat' dir='ltr'>prolerunt</span> <span class='ocrx_word' id='word_1_155' title='bbox 897 2959 1102 3040; x_wconf 90' lang='lat' dir='ltr'>systemata</span> <span class='ocrx_word' id='word_1_156' title='bbox 1133 2944 1374 3032; x_wconf 89' lang='lat' dir='ltr'>oeconomica,</span> <span class='ocrx_word' id='word_1_157' title='bbox 1393 2971 1508 3043; x_wconf 92' lang='lat' dir='ltr'>quum</span> 
     </span>
     <span class='ocr_line' id='line_1_22' title="bbox 248 3046 1509 3157; baseline 0.002 -22"><span class='ocrx_word' id='word_1_158' title='bbox 248 3063 346 3138; x_wconf 89' lang='lat' dir='ltr'>idem</span> <span class='ocrx_word' id='word_1_159' title='bbox 365 3062 413 3135; x_wconf 94' lang='lat' dir='ltr'>sit</span> <span class='ocrx_word' id='word_1_160' title='bbox 431 3086 629 3136; x_wconf 91' lang='lat' dir='ltr'>commune</span> <span class='ocrx_word' id='word_1_161' title='bbox 648 3046 814 3135; x_wconf 90' lang='lat' dir='ltr'>omnium</span> <span class='ocrx_word' id='word_1_162' title='bbox 834 3060 1076 3157; x_wconf 89' lang='lat' dir='ltr'>propositum,</span> <span class='ocrx_word' id='word_1_163' title='bbox 1095 3059 1115 3132; x_wconf 93' lang='lat' dir='ltr'>i.</span> <span class='ocrx_word' id='word_1_164' title='bbox 1130 3085 1160 3134; x_wconf 91' lang='lat' dir='ltr'>e.</span> <span class='ocrx_word' id='word_1_165' title='bbox 1180 3061 1375 3136; x_wconf 91' lang='lat' dir='ltr'>subversio</span> <span class='ocrx_word' id='word_1_166' title='bbox 1395 3064 1509 3138; x_wconf 92' lang='lat' dir='ltr'>totius</span> 
     </span>
     <span class='ocr_line' id='line_1_23' title="bbox 247 3180 1248 3277; baseline -0.001 -22"><span class='ocrx_word' id='word_1_167' title='bbox 247 3181 387 3255; x_wconf 90' lang='lat' dir='ltr'>ordinis</span> <span class='ocrx_word' id='word_1_168' title='bbox 406 3180 568 3254; x_wconf 90' lang='lat' dir='ltr'>civilium</span> <span class='ocrx_word' id='word_1_169' title='bbox 588 3180 808 3255; x_wconf 88' lang='lat' dir='ltr'>societatum</span> <span class='ocrx_word' id='word_1_170' title='bbox 828 3206 941 3277; x_wconf 93' lang='lat' dir='ltr'>opera</span> <span class='ocrx_word' id='word_1_171' title='bbox 960 3180 1213 3276; x_wconf 88' lang='lat' dir='ltr'>operariorum</span> <span class='ocrx_word' id='word_1_172' title='bbox 1234 3181 1248 3255; x_wconf 90' lang='lat'>?</span> 
     </span>
    </p>

    <p class='ocr_par' dir='ltr' id='par_1_4' title="bbox 248 3299 1509 4561">
     <span class='ocr_line' id='line_1_24' title="bbox 303 3299 1508 3398; baseline 0.003 -26"><span class='ocrx_word' id='word_1_173' title='bbox 303 3299 346 3372; x_wconf 94' lang='lat' dir='ltr'>ln</span> <span class='ocrx_word' id='word_1_174' title='bbox 366 3299 506 3398; x_wconf 85' lang='lat' dir='ltr'>Anglia</span> <span class='ocrx_word' id='word_1_175' title='bbox 523 3324 624 3372; x_wconf 89' lang='lat' dir='ltr'>anno</span> <span class='ocrx_word' id='word_1_176' title='bbox 648 3303 741 3392; x_wconf 81' lang='lat'>1836</span> <span class='ocrx_word' id='word_1_177' title='bbox 761 3299 892 3382; x_wconf 89' lang='lat' dir='ltr'>Owen,</span> <span class='ocrx_word' id='word_1_178' title='bbox 924 3299 986 3395; x_wconf 91' lang='lat' dir='ltr'>qui</span> <span class='ocrx_word' id='word_1_179' title='bbox 1006 3324 1136 3372; x_wconf 91' lang='lat' dir='ltr'>omnes</span> <span class='ocrx_word' id='word_1_180' title='bbox 1166 3299 1365 3398; x_wconf 90' lang='lat' dir='ltr'>religiones</span> <span class='ocrx_word' id='word_1_181' title='bbox 1383 3301 1508 3378; x_wconf 90' lang='lat' dir='ltr'>delen-</span> 
     </span>
     <span class='ocr_line' id='line_1_25' title="bbox 248 3416 1509 3516; baseline 0.004 -25"><span class='ocrx_word' id='word_1_182' title='bbox 248 3417 315 3491; x_wconf 91' lang='lat' dir='ltr'>das</span> <span class='ocrx_word' id='word_1_183' title='bbox 333 3443 417 3492; x_wconf 92' lang='lat' dir='ltr'>esse</span> <span class='ocrx_word' id='word_1_184' title='bbox 435 3417 589 3504; x_wconf 87' lang='lat' dir='ltr'>censuit,</span> <span class='ocrx_word' id='word_1_185' title='bbox 613 3418 831 3491; x_wconf 90' lang='lat' dir='ltr'>methodum</span> <span class='ocrx_word' id='word_1_186' title='bbox 845 3443 981 3490; x_wconf 89' lang='lat' dir='ltr'>novam</span> <span class='ocrx_word' id='word_1_187' title='bbox 997 3416 1234 3491; x_wconf 90' lang='lat' dir='ltr'>sodalitatum</span> <span class='ocrx_word' id='word_1_188' title='bbox 1254 3423 1509 3516; x_wconf 88' lang='lat' dir='ltr'>cooperativa-</span> 
     </span>
     <span class='ocr_line' id='line_1_26' title="bbox 249 3533 1509 3614; baseline 0.004 -5"><span class='ocrx_word' id='word_1_189' title='bbox 249 3562 328 3609; x_wconf 91' lang='lat' dir='ltr'>rum</span> <span class='ocrx_word' id='word_1_190' title='bbox 363 3554 400 3609; x_wconf 90' lang='lat' dir='ltr'>et</span> <span class='ocrx_word' id='word_1_191' title='bbox 430 3533 541 3608; x_wconf 89' lang='lat' dir='ltr'>valde</span> <span class='ocrx_word' id='word_1_192' title='bbox 573 3535 746 3611; x_wconf 90' lang='lat' dir='ltr'>nocivam</span> <span class='ocrx_word' id='word_1_193' title='bbox 775 3536 875 3610; x_wconf 93' lang='lat' dir='ltr'>bono</span> <span class='ocrx_word' id='word_1_194' title='bbox 913 3536 1102 3609; x_wconf 91' lang='lat' dir='ltr'>communi</span> <span class='ocrx_word' id='word_1_195' title='bbox 1133 3536 1286 3612; x_wconf 88' lang='lat' dir='ltr'>invexit.</span> <span class='ocrx_word' id='word_1_196' title='bbox 1312 3537 1355 3611; x_wconf 92' lang='lat' dir='ltr'>In</span> <span class='ocrx_word' id='word_1_197' title='bbox 1386 3540 1509 3614; x_wconf 88' lang='lat' dir='ltr'>Gallia</span> 
     </span>
     <span class='ocr_line' id='line_1_27' title="bbox 249 3651 1508 3751; baseline 0.002 -23"><span class='ocrx_word' id='word_1_198' title='bbox 249 3653 400 3751; x_wconf 92' lang='lat' dir='ltr'>quidam</span> <span class='ocrx_word' id='word_1_199' title='bbox 419 3651 491 3738; x_wconf 90' lang='lat' dir='ltr'>alii,</span> <span class='ocrx_word' id='word_1_200' title='bbox 512 3670 552 3727; x_wconf 93' lang='lat' dir='ltr'>ut</span> <span class='ocrx_word' id='word_1_201' title='bbox 572 3654 702 3739; x_wconf 88' lang='lat' dir='ltr'>Cabet,</span> <span class='ocrx_word' id='word_1_202' title='bbox 722 3655 784 3751; x_wconf 95' lang='lat' dir='ltr'>qui</span> <span class='ocrx_word' id='word_1_203' title='bbox 804 3653 1109 3727; x_wconf 91' lang='lat' dir='ltr'>communitatem</span> <span class='ocrx_word' id='word_1_204' title='bbox 1130 3655 1311 3728; x_wconf 93' lang='lat' dir='ltr'>bonorum</span> <span class='ocrx_word' id='word_1_205' title='bbox 1328 3655 1403 3730; x_wconf 91' lang='lat' dir='ltr'>imo</span> <span class='ocrx_word' id='word_1_206' title='bbox 1418 3685 1508 3732; x_wconf 90' lang='lat' dir='ltr'>uxo·</span> 
     </span>
     <span class='ocr_line' id='line_1_28' title="bbox 251 3770 1508 3872; baseline 0.004 -27"><span class='ocrx_word' id='word_1_207' title='bbox 251 3797 331 3845; x_wconf 93' lang='lat' dir='ltr'>rum</span> <span class='ocrx_word' id='word_1_208' title='bbox 346 3770 581 3846; x_wconf 90' lang='lat' dir='ltr'>introducere</span> <span class='ocrx_word' id='word_1_209' title='bbox 599 3797 712 3845; x_wconf 92' lang='lat' dir='ltr'>ausus</span> <span class='ocrx_word' id='word_1_210' title='bbox 732 3789 799 3858; x_wconf 92' lang='lat' dir='ltr'>est,</span> <span class='ocrx_word' id='word_1_211' title='bbox 820 3790 883 3845; x_wconf 92' lang='lat' dir='ltr'>aut</span> <span class='ocrx_word' id='word_1_212' title='bbox 910 3771 1005 3844; x_wconf 91' lang='lat' dir='ltr'>sicut</span> <span class='ocrx_word' id='word_1_213' title='bbox 1027 3771 1240 3857; x_wconf 90' lang='lat' dir='ltr'>Proudhon,</span> <span class='ocrx_word' id='word_1_214' title='bbox 1261 3773 1323 3869; x_wconf 92' lang='lat' dir='ltr'>qui</span> <span class='ocrx_word' id='word_1_215' title='bbox 1344 3776 1508 3872; x_wconf 91' lang='lat' dir='ltr'>proprie·</span> 
     </span>
     <span class='ocr_line' id='line_1_29' title="bbox 251 3889 1508 3987; baseline 0.005 -25"><span class='ocrx_word' id='word_1_216' title='bbox 251 3905 365 3963; x_wconf 90' lang='lat' dir='ltr'>tatem</span> <span class='ocrx_word' id='word_1_217' title='bbox 386 3889 521 3963; x_wconf 86' lang='lat' dir='ltr'>lurtum</span> <span class='ocrx_word' id='word_1_218' title='bbox 553 3889 658 3975; x_wconf 90' lang='lat' dir='ltr'>dixit,</span> <span class='ocrx_word' id='word_1_219' title='bbox 686 3889 792 3965; x_wconf 91' lang='lat' dir='ltr'>aliter</span> <span class='ocrx_word' id='word_1_220' title='bbox 811 3915 943 3987; x_wconf 89' lang='lat' dir='ltr'>purum</span> <span class='ocrx_word' id='word_1_221' title='bbox 963 3890 1275 3963; x_wconf 83' lang='lat' dir='ltr'>cornmunismum</span> <span class='ocrx_word' id='word_1_222' title='bbox 1295 3917 1402 3966; x_wconf 89' lang='lat' dir='ltr'>suum</span> <span class='ocrx_word' id='word_1_223' title='bbox 1422 3920 1508 3968; x_wconf 92' lang='lat' dir='ltr'>exe-</span> 
     </span>
     <span class='ocr_line' id='line_1_30' title="bbox 251 4007 1507 4106; baseline 0.006 -26"><span class='ocrx_word' id='word_1_224' title='bbox 251 4008 389 4081; x_wconf 90' lang='lat' dir='ltr'>cutioni</span> <span class='ocrx_word' id='word_1_225' title='bbox 423 4008 599 4081; x_wconf 90' lang='lat' dir='ltr'>mandare</span> <span class='ocrx_word' id='word_1_226' title='bbox 631 4008 888 4095; x_wconf 90' lang='lat' dir='ltr'>decreverunt,</span> <span class='ocrx_word' id='word_1_227' title='bbox 922 4034 988 4106; x_wconf 94' lang='lat' dir='ltr'>per</span> <span class='ocrx_word' id='word_1_228' title='bbox 1018 4007 1222 4105; x_wconf 87' lang='lat' dir='ltr'>perlectam</span> <span class='ocrx_word' id='word_1_229' title='bbox 1255 4011 1451 4106; x_wconf 86' lang='lat' dir='ltr'>paritatem</span> <span class='ocrx_word' id='word_1_230' title='bbox 1470 4033 1507 4087; x_wconf 91' lang='lat' dir='ltr'>et</span> 
     </span>
     <span class='ocr_line' id='line_1_31' title="bbox 250 4128 1504 4229; baseline 0.002 -26"><span class='ocrx_word' id='word_1_231' title='bbox 250 4128 501 4226; x_wconf 83' lang='lat' dir='ltr'>aequalitatem</span> <span class='ocrx_word' id='word_1_232' title='bbox 522 4130 704 4204; x_wconf 93' lang='lat' dir='ltr'>bonorum</span> <span class='ocrx_word' id='word_1_233' title='bbox 723 4147 761 4204; x_wconf 90' lang='lat' dir='ltr'>et</span> <span class='ocrx_word' id='word_1_234' title='bbox 774 4130 915 4228; x_wconf 89' lang='lat' dir='ltr'>jurium</span> <span class='ocrx_word' id='word_1_235' title='bbox 934 4155 976 4203; x_wconf 88' lang='lat' dir='ltr'>ac</span> <span class='ocrx_word' id='word_1_236' title='bbox 1005 4128 1283 4226; x_wconf 90' lang='lat' dir='ltr'>repartitionem</span> <span class='ocrx_word' id='word_1_237' title='bbox 1304 4132 1504 4229; x_wconf 92' lang='lat' dir='ltr'>proprieta-</span> 
     </span>
     <span class='ocr_line' id='line_1_32' title="bbox 249 4248 1506 4347; baseline 0.002 -25"><span class='ocrx_word' id='word_1_238' title='bbox 249 4265 339 4323; x_wconf 92' lang='lat' dir='ltr'>tum.</span> <span class='ocrx_word' id='word_1_239' title='bbox 364 4248 500 4323; x_wconf 88' lang='lat' dir='ltr'>Postea</span> <span class='ocrx_word' id='word_1_240' title='bbox 529 4274 618 4323; x_wconf 93' lang='lat' dir='ltr'>vero</span> <span class='ocrx_word' id='word_1_241' title='bbox 650 4249 862 4324; x_wconf 89' lang='lat' dir='ltr'>Germanus</span> <span class='ocrx_word' id='word_1_242' title='bbox 889 4250 1052 4347; x_wconf 88' lang='lat' dir='ltr'>quidam,</span> <span class='ocrx_word' id='word_1_243' title='bbox 1084 4250 1235 4323; x_wconf 89' lang='lat' dir='ltr'>nomine</span> <span class='ocrx_word' id='word_1_244' title='bbox 1257 4249 1377 4336; x_wconf 89' lang='lat' dir='ltr'>Marx,</span> <span class='ocrx_word' id='word_1_245' title='bbox 1407 4277 1506 4325; x_wconf 91' lang='lat' dir='ltr'>anno</span> 
     </span>
     <span class='ocr_line' id='line_1_33' title="bbox 253 4366 1507 4465; baseline 0.002 -24"><span class='ocrx_word' id='word_1_246' title='bbox 253 4370 358 4463; x_wconf 89' lang='lat'>1864,</span> <span class='ocrx_word' id='word_1_247' title='bbox 371 4366 543 4455; x_wconf 88' lang='lat' dir='ltr'>Londini,</span> <span class='ocrx_word' id='word_1_248' title='bbox 564 4368 659 4442; x_wconf 93' lang='lat' dir='ltr'>inter</span> <span class='ocrx_word' id='word_1_249' title='bbox 669 4369 899 4443; x_wconf 88' lang='lat' dir='ltr'>diversarum</span> <span class='ocrx_word' id='word_1_250' title='bbox 916 4368 1106 4443; x_wconf 91' lang='lat' dir='ltr'>nationum</span> <span class='ocrx_word' id='word_1_251' title='bbox 1126 4368 1325 4465; x_wconf 88' lang='lat' dir='ltr'>operarios,</span> <span class='ocrx_word' id='word_1_252' title='bbox 1348 4368 1507 4445; x_wconf 92' lang='lat' dir='ltr'>instituit</span> 
     </span>
     <span class='ocr_line' id='line_1_34' title="bbox 249 4484 1505 4561; baseline 0.002 -3"><span class='ocrx_word' id='word_1_253' title='bbox 249 4485 486 4561; x_wconf 89' lang='lat' dir='ltr'>sodalitatem</span> <span class='ocrx_word' id='word_1_254' title='bbox 506 4485 553 4558; x_wconf 90' lang='lat' dir='ltr'>ab</span> <span class='ocrx_word' id='word_1_255' title='bbox 568 4485 711 4561; x_wconf 91' lang='lat' dir='ltr'>intenta</span> <span class='ocrx_word' id='word_1_256' title='bbox 728 4484 1009 4560; x_wconf 88' lang='lat' dir='ltr'>universalitate</span> <span class='ocrx_word' id='word_1_257' title='bbox 1024 4487 1348 4559; x_wconf 78' lang='lat' dir='ltr'>inlernalz&#39;onalem</span> <span class='ocrx_word' id='word_1_258' title='bbox 1367 4513 1505 4561; x_wconf 91' lang='lat' dir='ltr'>nuncu-</span> 
     </span>
    </p>
   </div>
   <div class='ocr_carea' id='block_1_3' title="bbox 254 4634 1175 4643">
    <p class='ocr_par' dir='ltr' id='par_1_5' title="bbox 254 4634 1175 4643">
     <span class='ocr_line' id='line_1_35' title="bbox 254 4634 1175 4643; baseline -0.004 0"><span class='ocrx_word' id='word_1_259' title='bbox 254 4634 308 4643; x_wconf 40' lang='lat'><em>*</em></span> <span class='ocrx_word' id='word_1_260' title='bbox 332 4637 411 4643; x_wconf 77' lang='lat'>——</span> <span class='ocrx_word' id='word_1_261' title='bbox 679 4638 866 4643; x_wconf 60' lang='lat'><em>...—.--.—„</em></span> <span class='ocrx_word' id='word_1_262' title='bbox 902 4638 931 4641; x_wconf 45' lang='lat' dir='ltr'>*u</span> <span class='ocrx_word' id='word_1_263' title='bbox 947 4637 983 4641; x_wconf 47' lang='grc' dir='ltr'>Ν,</span> <span class='ocrx_word' id='word_1_264' title='bbox 1012 4637 1068 4641; x_wconf 60' lang='grc'>,-,</span> <span class='ocrx_word' id='word_1_265' title='bbox 1096 4635 1175 4640; x_wconf 79' lang='grc'><em>.-.--</em></span> 
     </span>
    </p>
   </div>
   <div class='ocr_carea' id='block_1_4' title="bbox 289 4697 891 4769">
    <p class='ocr_par' dir='ltr' id='par_1_6' title="bbox 289 4697 891 4769">
     <span class='ocr_line' id='line_1_36' title="bbox 289 4697 891 4769; baseline 0.003 -19"><span class='ocrx_word' id='word_1_266' title='bbox 289 4713 309 4751; x_wconf 91' lang='lat'>1.</span> <span class='ocrx_word' id='word_1_267' title='bbox 329 4697 419 4769; x_wconf 80' lang='lat' dir='ltr'>Alloc.</span> <span class='ocrx_word' id='word_1_268' title='bbox 435 4697 461 4752; x_wconf 89' lang='lat' dir='ltr'>in</span> <span class='ocrx_word' id='word_1_269' title='bbox 476 4699 590 4753; x_wconf 87' lang='lat' dir='ltr'>consist.</span> <span class='ocrx_word' id='word_1_270' title='bbox 606 4715 676 4753; x_wconf 88' lang='lat' dir='ltr'>secr.</span> <span class='ocrx_word' id='word_1_271' title='bbox 693 4699 891 4768; x_wconf 78' lang='lat' dir='ltr'>aoApr.1849.</span> 
     </span>
    </p>
   </div>
   <div class='ocr_carea' id='block_1_5' title="bbox 0 0 1761 5482">
    <p class='ocr_par' dir='ltr' id='par_1_7' title="bbox 0 0 1761 5482">
     <span class='ocr_line' id='line_1_37' title="bbox 0 0 1761 5482; baseline 0 0"><span class='ocrx_word' id='word_1_272' title='bbox 0 0 1761 5482; x_wconf 95' lang='lat' dir='ltr'> </span> 
     </span>
    </p>
   </div>
  </div>
 </body>
</html>
