3496 5482
173 506 460 519 ——-———-————-—ae
835 502 1005 510 ω

588 600 592 607 -
627 567 750 617 CAPUT
778 566 969 629 QUINTUM.
996 566 998 570 ’
1383 566 1431 635 93

173 753 317 827 quaeex
335 729 436 803 omni
456 727 566 826 plaga
578 742 813 800 accurrentes
828 725 1002 824 religiose
1021 724 1176 798 visitant
1189 741 1227 799 et
1247 724 1434 798 fructuose

175 846 358 944 Episcopi
378 844 552 924 universi.

228 966 283 1039 Ut
302 962 523 1061 eloquenter
554 961 649 1035 dixit
675 985 834 1060 magnus
856 959 944 1033 Pius
968 960 1036 1045 IX,
1058 959 1094 1032 in
1129 958 1352 1034 allocutione
1388 959 1434 1032 ad

176 1083 397 1180 Episcopos‚
420 1080 483 1177 qui
513 1081 561 1153 ob
591 1078 845 1153 centenarium
876 1077 914 1151 S.
939 1077 1039 1152 Petri
1069 1079 1230 1151 Romam
1250 1102 1435 1152 convene·

176 1219 268 1287 rant,
282 1202 344 1275 die
365 1207 410 1275 26
426 1200 526 1297 Junii
544 1204 637 1293 1867
651 1200 687 1273 in
704 1200 926 1274 consistorio
940 1198 1089 1296 publico
1110 1198 1247 1285 habita,
1264 1219 1303 1272 et
1314 1200 1350 1272 in
1363 1224 1437 1296 qua

177 1321 361 1395 nuntiavit
380 1321 449 1394 sibi
469 1321 702 1418 propositum
732 1346 816 1395 esse
834 1319 1031 1395 concilium
1052 1321 1324 1394 oecumenicum
1343 1320 1437 1395 cele·

177 1440 306 1513 brare:
329 1448 347 1477 ‘⁴
371 1439 453 1512 Nos
473 1464 621 1536 semper
646 1464 865 1536 persuasum
886 1438 1087 1513 habuimus
1108 1438 1186 1512 fieri
1219 1464 1294 1514 non
1313 1464 1435 1536 posse,

149 1597 151 1602 ·
178 1575 219 1633 ut
237 1559 318 1656 ejus
334 1558 571 1646 fortitudinis
593 1585 667 1657 qua
685 1559 1043 1657 praecipuoDomini
1057 1584 1212 1634 munere
1230 1559 1438 1634 cumulatus

179 1694 236 1752 est
254 1677 396 1763 Petrus,
406 1701 480 1751 non
499 1676 623 1774 aliqua
634 1703 784 1774 semper
802 1678 838 1760 in
853 1677 973 1751 Vobis
992 1676 1098 1752 heret
1112 1678 1439 1776 accessio,quoties

179 1819 296 1893 prope
315 1795 434 1892 ipsam
456 1794 555 1868 Petri
575 1818 785 1891 personam,
806 1794 869 1892 qui
890 1795 966 1868 suis
986 1796 1022 1868 in
1039 1795 1319 1870 successoribus
1334 1796 1436 1883 vivit,

179 1931 384 2010 praesentes
396 1913 637 1988 constiteritis
654 1939 696 1986 ac
710 1914 958 1987 tantummodo
973 1915 1091 1987 solum
1113 1914 1313 2010 attagerz'tz's
1326 1914 1439 2011 hujus
1496 1937 1497 1940 ’

187 2033 309 2118 Urbis,
331 2059 443 2131 quam
468 2033 560 2106 sacri
580 2031 849 2130 Apostolorum
869 2033 1050 2131 Principis
1081 2034 1237 2107 sudores
1256 2051 1293 2108 et
1312 2034 1439 2107 trium·

181 2150 300 2247 phalis
319 2151 472 2250 sanguis
492 2151 669 2250 irrigavit.
689 2151 810 2225 lmmo
825 2151 937 2226 etiam
952 2177 1154 2249 numquam
1172 2177 1239 2225 nos
1254 2150 1439 2226 dubitavi·

183 2295 275 2355 mus,
291 2271 380 2368 quin
397 2296 444 2344 ex
460 2271 541 2368 ipso
556 2269 763 2368 sepulchr0,
786 2272 847 2346 ubi
867 2271 1076 2346 beatissimi
1099 2272 1197 2346 Petri
1220 2271 1363 2347 cineres
1391 2273 1439 2347 ad

182 2386 401 2488 religionem
416 2388 517 2463 orbis
532 2389 799 2486 sempiternam
818 2389 1026 2487 quiescunt,
1040 2389 1210 2487 quaedam
1230 2415 1365 2464 arcana
1384 2392 1441 2466 vis

183 2521 222 2581 et
249 2505 420 2581 salutaris
443 2507 562 2581 virtus
581 2506 728 2593 existat,
748 2532 833 2604 quae
854 2507 1075 2581 Pastoribus
1107 2508 1283 2583 dominici
1314 2512 1441 2610 gregis

184 2624 298 2700 sortes
315 2651 440 2712 ausus,
455 2625 628 2724 ingentes
655 2625 818 2722 spiritus,
841 2627 1102 2725 magnanimos
1121 2651 1254 2701 sensus
1273 2629 1441 2726 inspiret,

183 2770 341 2844 quaeque
356 2746 562 2820 instaurato
581 2770 710 2820 eorum
723 2745 858 2820 robore
872 2745 993 2833 efficit,
1012 2765 1052 2821 ut
1067 2747 1265 2845 impudens
1277 2747 1443 2824 hostium

183 2863 347 2950 audacia,
367 2862 560 2938 catholicae
580 2863 732 2938 unitatis
751 2863 879 2938 virtuti
898 2881 936 2938 et
965 2866 1143 2962 potestati
1163 2865 1290 2963 impar,
1312 2868 1445 2965 impari

184 2980 297 3055 etiam
315 2982 520 3057 certamine
538 2981 676 3056 residat
696 3001 733 3056 et
756 2998 903 3055 corruat
917 2979 963 3081 (¹)
983 2981 1012 3056 ”.

236 3099 496 3175 Sacratissima
523 3118 581 3175 est
602 3101 724 3175 Roma
750 3125 824 3174 non
850 3118 995 3173 tantum
1029 3120 1181 3197 propter
1208 3101 1445 3200 sepulchrum

189 3216 370 3317 Principis
389 3217 644 3316 apostolorum
660 3218 727 3292 sed
743 3235 781 3291 et
800 3234 953 3314 propter
976 3219 1191 3316 martyrium
1214 3222 1294 3317 ejus
1314 3245 1449 3317 coapo-

187 3334 282 3423 stoli,
306 3337 484 3411 Doctoris
504 3336 683 3436 gentium.
701 3336 788 3431 Qua
802 3334 849 3409 de
871 3360 910 3409 re
928 3336 1103 3410 audiatur
1121 3336 1450 3435 eloquentissimus

188 3451 227 3527 S.
241 3453 407 3551 Joannes
417 3452 712 3551 Chrysostomus
724 3464 760 3526 :¹¹
778 3453 866 3551 Ego
882 3471 920 3527 et
935 3453 1096 3527 Romam
1109 3472 1308 3551 propterea
1319 3455 1449 3555 dilig0‚

188 3572 335 3646 tametsi
355 3571 505 3646 aliunde
524 3570 623 3645 illam
643 3570 795 3645 laudare
814 3596 964 3668 queam,
988 3572 1163 3668 nempe'a
1184 3572 1451 3671 magnitudine,

187 3689 236 3763 ab
253 3690 485 3788 antiquitate,
508 3715 529 3763 a
556 3689 840 3786 pulchritudine,
862 3714 884 3761 a
910 3687 1163 3774 multitudine,
1179 3689 1227 3763 ab
1247 3691 1412 3787 imperio,
1431 3717 1453 3765 a

188 3810 329 3886 divitiis
347 3827 385 3885 et
404 3836 425 3884 a
445 3811 556 3885 rebus
576 3810 612 3883 in
642 3809 740 3883 bello
774 3808 918 3884 lortiter
948 3810 1083 3908 gestis.
1106 3809 1184 3901 Sed
1204 3810 1261 3883 his
1280 3811 1454 3886 omnibus

137 4026 141 4031 ι
189 3928 348 4015 omissis,
361 3930 410 4002 ob
426 3928 463 4002 id
479 3926 577 4001 illam
598 3928 746 4002 beatam
766 3927 939 4024 praedico,
962 3927 1066 4025 quod
1086 3953 1175 4025 erga
1195 3927 1276 4002 illos
1306 3929 1452 4017 Paulus,

190 4045 279 4120 dum
298 4046 455 4132 viveret,
471 4047 566 4119 adeo
583 4045 650 4119 suit
670 4044 889 4129 benevolus,
903 4045 998 4118 adeo
1013 4043 1094 4118 illos
1110 4045 1260 4130 amavit,
1278 4062 1316 4118 et
1329 4071 1454 4120 coram

191 4163 374 4250 disseruit,
396 4181 434 4239 et
454 4183 645 4261 postremo
665 4163 780 4236 vitam
801 4162 900 4259 apud
915 4187 980 4235 eos
997 4162 1266 4260 finivitsCujus
1284 4183 1455 4238 sanctum

191 4308 325 4380 corpus
345 4283 414 4379 ipsi
432 4283 630 4381 possident
647 4300 704 4369 ;et
724 4299 922 4378 propterea
945 4281 1085 4355 civitas
1105 4281 1165 4355 illa
1183 4281 1269 4355 hinc
1285 4281 1381 4356 lacta
1399 4301 1457 4356 est

192 4400 358 4500 insignis,
382 4401 504 4500 magis
529 4426 641 4498 quam
660 4401 708 4473 ab
726 4397 806 4472 aliis
836 4397 948 4472 rebus
981 4399 1155 4473 omnibus
1172 4429 1180 4488 ;
1199 4418 1236 4475 et
1267 4418 1456 4498 tamquam

192 4535 338 4616 corpus
356 4517 533 4619 magnum
553 4544 595 4592 ac
614 4517 778 4591 validum
815 4515 911 4589 duos
944 4515 1058 4589 habet
1101 4516 1228 4591 oculos
1257 4516 1454 4616 fulgentes,

236 4739 257 4777 r.
272 4723 343 4777 Coll.
358 4724 433 4791 Lar,
446 4733 464 4778 t.
479 4724 505 4776 V
510 4724 548 4791 ll,
563 4724 616 4777 col.
634 4739 710 4793 1031,
721 4734 783 4778 aet
795 4725 822 4778 b.
