3496 5482
588 670 796 753 CAPUT
827 610 1162 752 uncinum

243 823 539 908 Perduratio
565 822 802 905 facinoris
833 823 885 902 in
916 821 1208 904 detentione
1243 825 1430 920 Romae,
1453 825 1505 902 et

293 941 519 1024 conditio
548 939 881 1022 intolerabilis
908 940 951 1021 S.
975 930 1249 1037 pontificis,
1266 945 1504 1020 constan-

292 1068 370 1145 ter
417 1060 829 1162 inquietudinem
871 1060 1179 1159 populorum
1222 1057 1411 1152 fovent,
1454 1062 1506 1139 et

294 1201 498 1264 summe
516 1180 812 1280 perniciosae
839 1185 960 1261 sunt
986 1179 1224 1277 societati,
1258 1197 1361 1258 non
1388 1177 1506 1260 dico

293 1301 534 1383 Ecclesiae
551 1302 735 1396 solum,
757 1299 842 1381 sed
871 1300 1028 1382 totius
1048 1300 1279 1400 Europae,
1300 1300 1405 1380 imo
1424 1300 1505 1398 ip·-

295 1419 402 1500 sius
432 1420 606 1503 ltaliae.

169 1722 172 1732 ¹
288 1649 315 1708 i.
330 1649 532 1709 Restitutio
557 1651 727 1724 pristinae
750 1651 934 1711 libertatis
955 1649 1131 1709 Ecclesiae
1157 1653 1213 1707 est
1228 1647 1395 1707 conditio
1423 1648 1506 1704 sine

245 1761 319 1820 qua
335 1761 410 1806 non
424 1748 537 1807 datur
552 1747 684 1808 efficax
694 1748 906 1808 remedium
922 1748 1032 1807 malis
1045 1747 1322 1808 societatum—
1336 1744 1506 1805 2.Ecclesia

243 1847 368 1919 primo
387 1849 642 1921 inquietudini
664 1849 791 1909 dedita
816 1850 866 1910 ob
889 1848 1183 1909 intollerabilem
1205 1846 1507 1919 situationem.-

247 1943 289 2003 id
303 1949 496 2006 testantur
513 1947 723 2019 Pontifices.
750 1981 788 1990 —
811 1949 844 2010 3.
862 1949 906 2008 Id
930 1951 1118 2006 testantur
1132 1946 1238 2006 varia
1253 1944 1506 2003 incommoda.

240 2043 458 2121 —4.Europa
469 2046 645 2104 universa
659 2043 837 2108 diffideta
854 2046 998 2118 iegibus
1008 2047 1236 2107 cautionum
1249 2059 1336 2117 quae
1357 2044 1505 2102 nuliam

194 2137 200 2148 '
243 2141 336 2201 dant
361 2144 602 2202 securitatem
628 2178 667 2188 -
690 2157 760 2203 nec
785 2145 1015 2204 soliditatem
1043 2144 1190 2204 habent
1208 2143 1308 2217 pacti
1331 2142 1506 2202 interna-

244 2241 405 2301 tlonalis.
429 2241 858 2303 -5.1demtestantur
882 2243 984 2302 dicta
1020 2242 1246 2301 Pontificum
1268 2246 1306 2300 et
1333 2242 1506 2299 virorum

246 2339 578 2412 diplomaticorum
591 2347 627 2400 et
640 2344 795 2402 Lemmi.
811 2376 851 2385 -
863 2345 895 2405 6.
907 2344 1002 2402 Italia
1013 2342 1093 2417 ipsa
1107 2343 1146 2400 in
1163 2343 1313 2402 ruinam
1328 2341 1506 2400 socialem

244 2438 393 2510 proruit
417 2439 570 2510 penitus
599 2431 704 2498 —et
735 2440 930 2512 inprimis
955 2444 1073 2499 Roma
1093 2454 1142 2499 ex
1170 2438 1302 2498 multis
1330 2436 1505 2496 motivis:

248 2535 397 2595 “Roma
419 2538 588 2611 capitale,
603 2537 721 2596 Roma
736 2537 858 2597 fatale.
877 2538 896 2569 ”
911 2570 950 2580 -
964 2539 997 2599 7.
1014 2540 1184 2611 Totaque
1202 2537 1310 2596 ltalia
1322 2537 1361 2593 in
1377 2535 1507 2593 interi-

245 2638 327 2708 tum
351 2634 525 2706 vergit-
546 2635 581 2695 8.
610 2635 753 2709 Rapina
776 2649 852 2694 non
878 2635 1022 2709 proruit
1043 2637 1130 2697 -9.
1159 2635 1181 2668 “
1206 2636 1263 2694 iiie
1286 2633 1435 2693 elettori
1457 2646 1508 2691 ne

245 2728 398 2788 eietti.”
426 2762 466 2771 —
507 2730 561 2790 10.
588 2729 760 2803 objectio
783 2745 831 2791 ex
859 2731 1052 2804 praestigio
1086 2731 1221 2789 morali
1261 2728 1508 2790 pontificatus

248 2825 436 2886 hodierni.
452 2860 489 2870 -
505 2828 716 2900 Appendix.

301 3100 327 3157 i.
350 3086 415 3160 Nil
448 3088 592 3172 mirum,
614 3088 643 3160 si
664 3088 700 3160 in
721 3088 877 3161 mirabili
898 3086 1099 3184 Encyclica
1118 3088 1192 3161 diei
1213 3089 1259 3159 28
1282 3088 1373 3161 Dec.
1400 3091 1505 3180 1878,

251 3203 401 3298 “Quod
422 3204 630 3301 Apostolici
651 3207 813 3280 muneris
826 3206 855 3291 ”‚
877 3206 1006 3303 inqua
1035 3205 1082 3280 de
1111 3204 1171 3278 iiia
1194 3222 1296 3279 secta
1315 3204 1507 3280 hominum

247 3324 417 3421 loquitur,
440 3327 502 3422 qui
521 3327 680 3399 diversis
694 3352 735 3399 ac
756 3351 852 3424 pene
880 3326 1044 3399 barbaris
1071 3325 1282 3400 nominibus
1300 3324 1506 3413 socialistae,

248 3447 505 3520 communistae
543 3445 600 3521 vel
640 3445 813 3521 nihilistae
841 3446 1083 3542 appellantur,
1123 3445 1300 3519 Summus
1333 3445 1508 3520 Pontifex
1592 3527 1599 3547 .

217 3640 220 3644 ,
251 3563 439 3659 Principes
458 3564 585 3638 civiles
615 3591 681 3661 per
700 3565 886 3662 propriam
917 3565 1082 3660 ipsorum
1111 3589 1154 3637 ac
1178 3561 1388 3657 reipublicae
1413 3562 1508 3637 salu·

249 3699 324 3755 tem
345 3682 477 3756 iterum
497 3684 705 3781 iterumque
724 3701 903 3780 precatur,
934 3683 1130 3757 obtestans
1149 3702 1189 3755 ut
1213 3680 1431 3768 Ecclesiam,
1461 3682 1508 3757 de

250 3798 395 3896 publica
420 3827 619 3898 regnorum
641 3803 887 3899 prosperitate
915 3820 991 3876 tam
1018 3801 1171 3899 egregie
1192 3788 1370 3885 meritam,
1393 3802 1508 3901 magi-

249 3936 363 3990 stram
382 3919 560 4014 recipiant
579 3936 616 3992 et
634 3920 786 3993 audiant
804 3949 811 4007 ;
834 3920 1018 4017 planeque
1036 3918 1202 3992 sentiant
1220 3919 1383 3992 rationes
1402 3920 1507 4017 regni

250 4056 287 4111 et
307 4037 497 4137 religionis
517 4040 566 4111 ita
586 4064 670 4112 esse
699 4040 926 4137 conjunctas,
948 4056 988 4112 ut
1017 4056 1198 4136 quantum
1226 4038 1275 4112 de
1301 4037 1370 4112 hac
1396 4037 1507 4112 trahi·

249 4174 318 4240 tur,
339 4172 483 4229 tantum
502 4156 550 4230 de
578 4157 811 4230 subditorum
837 4156 961 4230 officio
989 4174 1027 4230 et
1057 4157 1105 4230 de
1134 4155 1279 4252 imperii
1311 4156 1508 4253 majestate

247 4273 416 4348 decedat.
437 4315 486 4326 —
516 4276 692 4350 Precatur
711 4275 861 4370 insuper
887 4274 1060 4348 Pontifex
1079 4295 1119 4348 ut
1141 4285 1162 4314 “
1176 4301 1258 4347 cum
1278 4276 1325 4348 ad
1345 4275 1506 4349 socialis·

249 4391 298 4463 mi
318 4408 461 4486 pestem
491 4394 733 4466 avertendam
762 4412 902 4466 tantam
936 4392 1128 4466 Ecclesiae
1158 4393 1297 4467 Christi
1331 4394 1505 4466 virtutem

251 4507 423 4581 noverint
438 4509 571 4590 inesse.
587 4528 727 4606 quanta
740 4534 807 4583 nec
827 4509 998 4583 humanis
1017 4509 1161 4607 legibus
1182 4510 1287 4595 inest,
1310 4535 1377 4584 nec
1390 4511 1504 4609 magi·

250 4646 432 4701 stratuum
451 4617 750 4718 cohibitionibus,
768 4656 836 4706 nec
848 4628 1003 4705 militum
1018 4628 1140 4715 armis,
1155 4630 1273 4726 ipsam
1295 4628 1502 4706 Ecclesiam
