3496 5482
293 708 516 806 Hypocrisis
536 710 741 784 foedissima
761 710 827 784 fuit
847 710 906 786 ille
924 736 1037 798 error,
1065 735 1141 809 quo
1166 710 1301 786 milites
1321 710 1498 784 Victoris·

241 826 499 902 Emmanuelis
518 830 553 902 in
567 828 762 903 obsidione
777 830 909 904 Romae
923 856 946 904 a
960 830 1116 903 ducibus
1135 830 1211 904 suis
1223 829 1344 904 atheis
1356 828 1499 903 detine-

240 944 384 1033 bantur,
406 944 475 1020 illis
503 947 747 1022 suadentibus
779 973 820 1023 se
850 949 1010 1022 Romam
1038 949 1272 1047 ingressuros
1298 965 1451 1021 vocatos
1477 973 1501 1019 a

242 1061 352 1161 Papa,
374 1082 573 1161 propterea
590 1065 691 1164 quod
709 1066 902 1140 Romanus
923 1066 1095 1141 Pontifex
1108 1067 1341 1164 populusque
1362 1066 1499 1139 Roma·

240 1206 311 1255 nus
329 1208 394 1257 eos
413 1202 575 1271 vocaret,
594 1185 643 1258 ad
661 1183 891 1260 liberandam
913 1183 1058 1258 Urbem
1073 1184 1121 1259 ab
1136 1183 1358 1282 importunis
1378 1199 1500 1258 extra·

241 1299 330 1373 neis.
361 1299 493 1376 Sciunt
539 1303 700 1376 Romani
742 1302 957 1378 venditores
996 1321 1089 1400 quot
1126 1303 1239 1377 millia
1281 1302 1497 1399 imaginum,

247 1416 353 1492 Pium
389 1418 446 1493 IX
478 1418 838 1518 repraesentantium,
871 1420 1108 1496 vendiderint
1140 1420 1280 1496 Italicis
1307 1417 1496 1504 militibus,

240 1536 367 1611 statim
391 1563 433 1612 ac
468 1539 629 1613 Romam
648 1558 735 1615 sunt
762 1538 920 1638 ingressi
938 1567 946 1626 ;
963 1564 1057 1638 quas
1085 1539 1268 1639 imagines
1299 1537 1337 1611 hi
1363 1537 1499 1612 milites

241 1654 278 1727 in
306 1656 472 1752 epistolis
507 1658 584 1733 suis
603 1657 763 1732 inclusas
783 1658 963 1734 miserunt
991 1658 1220 1756 parentibus,
1242 1657 1348 1755 quasi
1374 1656 1499 1731 felices

242 1773 398 1848 fuissent
425 1775 495 1872 ipsi
517 1777 629 1875 Papae
647 1775 865 1851 liberatores
884 1774 938 1876 (¹).

296 1893 519 1993 Hypocrisis
537 1915 574 1970 et
594 1895 652 1970 ille
671 1895 836 1970 famosus
854 1895 1080 1991 plebiscitus,
1101 1895 1175 1969 diei
1197 1895 1371 1970 secundae
1384 1893 1498 1968 Octo-

243 2010 318 2085 bris
343 2014 445 2106 1870,
466 2038 580 2110 quum
600 2039 739 2112 magno
757 2012 903 2111 plebeio
932 2012 1088 2111 strepitu
1109 2013 1347 2109 maximoque
1378 2031 1499 2085 extra-

131 2205 135 2215 ,
244 2154 397 2203 neorum
417 2131 583 2206 adventu
611 2157 659 2207 ex
690 2132 824 2206 diflusa
851 2131 1019 2229 pecunia,
1039 2132 1141 2206 cives
1170 2130 1330 2205 Romani
1351 2129 1500 2204 suerunt

244 2247 388 2321 invitati
420 2268 458 2322 ut
493 2250 711 2349 suffragium
752 2250 885 2324 darent
907 2274 975 2346 pro
1011 2248 1274 2347 conjunctione
1316 2273 1383 2321 sua
1414 2271 1498 2320 cum

243 2365 426 2464 gubernio
458 2368 557 2466 regis
589 2368 717 2454 ltalici,
737 2367 844 2465 quasi
866 2367 1027 2441 Romani
1046 2366 1203 2441 luissent
1234 2367 1315 2441 sine
1346 2390 1435 2464 rege
1462 2382 1500 2439 et

247 2483 492 2582 Subalpinum
534 2486 719 2559 inhiantes
756 2511 894 2584 regem.
936 2485 1079 2584 Magna
1119 2486 1318 2559 verborum
1363 2508 1500 2580 pompa

245 2602 407 2682 exaltata
426 2604 493 2678 fuit
511 2603 591 2678 haec
610 2603 695 2678 ficta
712 2603 878 2678 adhaesio
898 2602 1024 2700 populi
1041 2603 1201 2677 Romani
1221 2603 1405 2702 gubernio
1428 2602 1500 2676 Ita·

245 2721 337 2807 lico;
355 2723 442 2795 dum
459 2748 570 2796 verus
589 2740 626 2797 et
644 2724 830 2822 genuinus
852 2721 1045 2796 Romanus
1060 2720 1218 2818 populus
1236 2722 1298 2795 die
1317 2719 1500 2818 plebisciti

246 2839 282 2913 in
301 2841 378 2915 suis
395 2842 578 2927 domibus,
599 2842 806 2939 etquidem
835 2841 976 2914 intimis
999 2839 1177 2914 cubiculis
1204 2839 1400 2913 conclusus
1419 2864 1500 2935 per-

246 2959 390 3045 mansit,
413 2960 640 3059 injustitiam,
663 2960 860 3034 salsitatem
879 2977 993 3056 atque
1024 2959 1256 3054 iniquitatem
1285 2982 1407 3031 causae
1438 2983 1500 3054 ap·

246 3079 365 3174 prime
379 3105 621 3179 cognoscens,
633 3081 860 3176 modumque
872 3078 1124 3153 latrocinalem
1146 3078 1433 3175 perhorrescens
1447 3074 1499 3175 (²).

299 3196 339 3269 Si
378 3198 558 3273 vellemus
587 3199 821 3273 documentis
854 3199 1077 3272 authenticis
1109 3197 1213 3294 regni
1246 3197 1362 3270 ltaliae
1390 3195 1503 3270 fidem

246 3313 434 3401 adhibere,
453 3318 488 3389 in
505 3336 582 3390 tota
601 3317 706 3392 Urbe
726 3336 869 3391 tantum
882 3322 930 3409 46
943 3315 1122 3391 electores
1143 3333 1271 3389 votum
1291 3314 1503 3388 emisissent

246 3451 374 3507 contra
405 3436 653 3509 annexionem
685 3454 722 3509 et
755 3438 888 3528 4o,835
916 3461 998 3508 eam
1029 3435 1174 3507 sincero
1202 3452 1303 3517 voto,
1329 3432 1443 3506 libere
1466 3451 1505 3506 et

247 3569 382 3646 sponte
400 3554 679 3650 approbassent.
702 3553 867 3626 Credant
886 3552 1027 3650 Judaei!
1046 3550 1249 3645 Quomodo
1271 3548 1331 3623 illa
1347 3551 1504 3648 quadra·

246 3669 351 3768 ginta
370 3670 522 3745 millium
541 3671 678 3744 civium
699 3670 969 3766 impatientium
990 3688 1065 3743 tam
1098 3670 1281 3767 patienter
1299 3669 1503 3742 adventum

248 3790 536 3887 Subalpinorum
556 3809 818 3888 expectassent
846 3810 884 3865 et
912 3817 985 3864 non
1014 3791 1121 3864 citius
1150 3788 1429 3865 rebellassent?
1454 3829 1506 3840 —

250 3908 302 3981 Et
330 3933 445 4006 quare
482 3936 528 3984 ex
566 3913 640 4002 480
672 3909 849 3983 militibus
881 3908 1062 3982 Romanis
1095 3909 1262 4005 captivis,
1290 3908 1426 4004 quibus
1457 3908 1505 3979 ab

248 4045 467 4124 usurpatore
486 4029 662 4102 transitus
682 4027 906 4101 offerebatur
933 4052 1016 4099 cum
1042 4026 1216 4099 omnibus
1235 4024 1440 4124 privilegiis
1468 4025 1504 4097 in

247 4312 301 4350 aux
309 4297 476 4367 puissances
488 4314 543 4351 unc
556 4296 683 4352 decision
696 4296 744 4368 qui
758 4295 817 4351 doit
832 4296 872 4351 les
886 4314 1027 4362 rassurer;
1042 4307 1070 4351 et
1083 4314 1116 4351 ce
1129 4297 1221 4351 meme
1234 4304 1457 4364 gouvemement
1470 4310 1506 4348 au

248 4377 339 4431 meme
353 4387 480 4431 moment
492 4376 605 4431 dectare
618 4376 693 4431 nulle
707 4388 780 4432 cette
790 4376 926 4444 decision,
935 4377 1145 4431 officiellement
1154 4376 1305 4430 transmise
1315 4393 1369 4430 aux
1382 4373 1507 4444 grandes

247 4455 462 4527 puissancesl...
477 4457 577 4511 Certes
597 4456 645 4526 ily
667 4473 685 4511 a
706 4457 733 4510 la
752 4475 788 4510 un
807 4458 920 4512 comble
939 4458 974 4511 de
993 4457 1206 4511 combinatione.
1227 4441 1347 4525 (Etudes
1368 4457 1397 4512 S.
1405 4456 1449 4525 J.,
1461 4456 1507 4526 64,

269 4577 275 4590 .
289 4554 302 4589 r
321 4578 327 4589 .

247 4553 266 4606 p
286 4535 469 4682 idilvancini,
479 4617 553 4670 Acta
566 4616 597 4671 S.
611 4616 701 4684 Sedis,
713 4616 792 4684 t.Vl,
806 4633 832 4686 p.
846 4631 861 4670 2
866 4630 906 4685 5ο.

283 4709 308 4748 2.
322 4694 471 4764 Avancini,
483 4697 500 4749 l.
512 4712 546 4762 c.,
559 4711 586 4767 p.
601 4708 661 4761 251.
