3496 5482
266 466 438 476 ψ..

262 536 331 606 130
666 529 760 579 PnPA
787 529 847 580 SIT
874 528 948 577 REX
980 528 1106 579 ROMAE.

1433 633 1515 640 -.-

254 693 419 777 “sando,
461 689 674 769 scribendo,
708 687 893 774 docend0,
933 688 1086 784 impune
1121 687 1229 763 licet:
1267 714 1340 762 non
1377 689 1518 763 iuribus

253 821 274 850 “
296 809 487 884 Ecclesiae
500 808 671 905 parcitur,
689 831 764 881 non
784 830 948 890 munera,
968 806 1105 903 quibus
1124 823 1182 881 est
1202 806 1380 881 divinitus
1392 824 1510 894 aucta,

253 939 275 968 “
293 927 398 1002 salva
417 944 513 1001 sunt.

304 1056 323 1085 ‘⁶
343 1045 590 1144 Agendarum
617 1068 739 1118 rerum
760 1042 925 1129 facultas,
947 1067 1059 1142 quam
1093 1045 1248 1118 minima
1269 1043 1320 1118 illi
1340 1044 1512 1144 relinqui·

252 1175 273 1204 “
293 1182 361 1250 tur,
384 1163 496 1261 idque
513 1161 658 1260 legibus
678 1160 803 1258 specie
820 1161 974 1259 quidem
995 1186 1068 1235 non
1098 1162 1209 1236 nimis
1228 1163 1303 1236 vim
1325 1162 1512 1238 inserenti-

252 1292 271 1320 “
291 1282 369 1368 bus,
387 1305 534 1355 revera
555 1279 651 1353 natis
670 1279 716 1352 ad
737 1279 1015 1376 impediendam
1035 1278 1256 1356 libertatem.

302 1421 323 1450 “
347 1411 442 1485 Item
458 1408 652 1506 impositas
666 1407 767 1483 clero
781 1408 955 1483 videmus
967 1407 1071 1507 leges
1087 1408 1297 1507 singulares
1311 1426 1350 1484 et
1363 1435 1510 1508 graves,

253 1539 272 1568 ·‘
292 1527 449 1602 multum
468 1545 508 1601 ut
528 1527 561 1600 ei
585 1527 633 1600 de
664 1551 828 1609 numero.
852 1525 1009 1600 multum
1028 1527 1076 1601 de
1104 1527 1215 1602 rebus
1235 1528 1454 1603 necessariis
1474 1529 1511 1602 in

253 1658 273 1741 ἦ·
292 1647 373 1723 dies
400 1645 583 1720 decedat:
615 1643 790 1741 reliquias
822 1645 1006 1718 bonorum
1029 1644 1224 1720 Ecclesiae
1245 1646 1418 1720 maximis
1449 1646 1512 1719 ad·

251 1775 271 1859 ‘.‘
291 1764 438 1838 strictas
457 1761 625 1851 vinculis,
649 1762 827 1859 potestati
847 1781 885 1837 et
904 1762 1057 1836 arbitrio
1072 1762 1417 1837 administratorum
1446 1765 1514 1837 rei·

251 1895 271 1923 “
292 1883 461 1981 publicae
481 1884 681 1981 permissas
704 1911 711 1957 :
731 1882 949 1957 sodalitates
980 1883 1154 1957 ordinum
1174 1884 1435 1984 religiosorum
1455 1911 1513 1958 su·

251 2013 273 2041 “
293 2001 422 2089 blatas,
443 2002 652 2104 dissipatas.

301 2127 356 2229 (3)
393 2140 414 2168 “
434 2129 487 2203 At
506 2155 597 2204 vero
616 2129 653 2203 in
674 2129 813 2204 Sedem
833 2128 1091 2227 Apostolicam
1120 2153 1395 2228 romanumque
1417 2131 1513 2206 Pon·

252 2248 441 2344 “utificem,
463 2247 576 2348 longe
593 2265 652 2324 est
668 2249 899 2323 inimicorum
919 2249 1072 2324 incitata
1090 2250 1295 2324 contentio.

309 2386 330 2415 ‘⁶
354 2375 392 2449 ls
421 2374 572 2472 quidem
604 2375 764 2472 primum
784 2398 906 2450 arcus
925 2397 977 2452 ou
995 2398 1148 2451 cnussrs
1167 2398 1419 2452 occuramus
1445 2401 1513 2451 uss

252 2500 273 2531 “
291 2488 592 2568 PROPUGNACULO
622 2515 847 2566 cruentans
867 2516 1049 2580 ruursQun
1069 2517 1141 2579 sur,
1163 2517 1397 2569 PR1NC1PATU
1416 2517 1509 2568 01v1·

253 2621 274 2652 ‘⁸
294 2635 331 2685 m
349 2641 356 2700 ;
371 2656 421 2668 -
439 2638 526 2687 mox
539 2611 575 2685 in
595 2629 733 2686 statum
752 2610 966 2708 compulsus
986 2612 1153 2711 iniquum
1172 2612 1282 2686 simul
1303 2630 1341 2688 et
1353 2613 1511 2688 obiectis

252 2730 458 2828 “undique
487 2728 768 2804 difficultatibus
799 2726 1095 2804 intolerabilem:
1116 2773 1163 2787 -
1195 2730 1316 2805 donec
1351 2729 1512 2804 adhaec

252 2859 272 2888 “
291 2865 461 2947 tempora
479 2864 702 2945 perventum
731 2865 800 2932 est,
820 2847 957 2946 quibus
986 2865 1171 2925 sectarum
1198 2847 1378 2935 lautores,
1410 2848 1511 2946 quod

252 2977 271 3004 ‘⁶
291 2966 511 3040 abscondite
523 2991 649 3049 secum
662 2965 849 3065 agitarant
868 2964 942 3050 diu,
963 2983 1092 3063 aperte
1111 2966 1351 3052 denunciant,
1366 2991 1509 3048 sacram

249 3095 273 3164 .“
293 3083 495 3160 tollendam
531 3083 751 3158 Pontificum
783 3100 1020 3180 potestatem,
1042 3083 1241 3183 ipsumque
1271 3084 1400 3159 divino
1433 3084 1511 3159 iure

253 3212 272 3242 ‘⁴
293 3203 503 3277 institutum
520 3202 689 3276 funditus
708 3200 1206 3277 delendum-Pontificatum.

304 3326 465 3421 “Quam
498 3352 585 3414 rem,
605 3329 636 3402 si
654 3347 780 3402 cetera
798 3326 985 3414 deessent,
1008 3328 1099 3402 satis
1130 3329 1268 3402 indicat
1303 3327 1507 3415 hominum,

253 3455 274 3483 ‘⁴
293 3444 356 3542 qui
376 3445 512 3519 conscii
532 3463 630 3531 sunt,
644 3445 911 3532 testimonium,
926 3470 1086 3542 quorum
1098 3444 1277 3543 plerique,
1294 3471 1380 3518 cum
1396 3471 1511 3542 saepe

253 3573 272 3600 ‘⁴
291 3561 393 3646 alias,
415 3580 492 3636 tum
512 3563 650 3637 recenti
683 3563 863 3638 memoria
895 3588 1021 3637 rursus
1040 3563 1112 3637 hoc
1134 3563 1359 3637 Massonum
1379 3589 1509 3637 verum

252 3691 272 3718 “
291 3706 375 3754 esse
393 3679 636 3767 declararunt,
657 3680 753 3755 velle
784 3708 850 3757 eos
883 3682 1046 3756 maxime
1077 3708 1252 3758 exercere
1283 3681 1509 3757 catholicum
1553 3680 1559 3688 ’

253 3809 275 3837 “
295 3824 431 3873 nomen
451 3798 744 3896 implacabilibus
763 3800 975 3887 inimicitiis
998 3826 1066 3875 nec
1085 3821 1172 3876 ante
1191 3803 1510 3900 quieturos,quam

253 3928 274 3956 ‘⁶
293 3918 419 3991 excisa
436 3918 561 3991 omnia
581 3917 751 4005 viderint,
772 3944 1033 4016 quaecumque
1051 3921 1186 3994 summi
1210 3919 1410 3995 Pontifices
1429 3918 1510 3994 reli-

254 4046 274 4074 “
293 4035 417 4135 gionis
435 4060 566 4109 caussa
585 4036 844 4111 instituissent.

259 4228 267 4236 .
304 4171 324 4200 ‘⁴
338 4161 451 4256 Quod
464 4162 893 4260 si,quiadscribunturin
906 4190 1352 4262 numerum,nequaquam
1365 4166 1508 4241 eiurare

254 4291 275 4318 ¹‘
294 4280 485 4376 conceptis
498 4280 622 4354 verbis
638 4281 807 4355 instituta
820 4281 1004 4357 catholica
1015 4283 1199 4368 iubentur,
1209 4283 1245 4356 id
1256 4308 1347 4367 sane
1358 4302 1504 4360 tantum

240 4410 273 4476 ,⁴²
287 4401 409 4484 abest,
425 4418 465 4472 ut
480 4399 643 4472 consiliis
662 4401 885 4475 Massonum
901 4420 1097 4502 repugnet,
1111 4420 1151 4476 ut
1165 4402 1290 4499 potius
1304 4403 1504 4478 adserviat.

303 4538 321 4564 “
345 4526 508 4597 Primum
529 4525 627 4599 enim
647 4527 834 4623 simplices
854 4545 891 4602 et
920 4528 1090 4604 incautos
1105 4528 1212 4603 lacile
1230 4529 1421 4626 decipiunt
1436 4531 1506 4604 hac

240 4657 275 4719 ,“
296 4644 365 4728 via,
388 4645 578 4740 multaque
596 4643 763 4741 pluribus
783 4646 1034 4722 invitamenta
1054 4649 1246 4744 praebent.
