3496 5482
353 411 860 425 ..0--——-—.—-.—-—-—.--—-——

352 459 426 552 386
760 475 852 525 men
879 474 939 525 sm
967 475 1041 524 nux
1071 475 1196 527 noua.

351 657 473 713 tantas
488 637 585 711 ultro
603 637 698 734 parit
713 635 901 722 utilitates,
921 654 961 710 ut
991 634 1116 732 plures
1140 636 1350 711 maioresve
1376 660 1450 710 non
1470 650 1610 732 posset,

350 756 382 828 si
402 757 437 829 in
451 755 578 853 primis
598 772 636 830 et
650 755 812 829 maxime
830 771 930 829 esset
948 754 995 828 ad
1009 753 1185 828 tuendam
1205 752 1314 828 huius
1330 753 1439 842 vitae,
1460 777 1557 852 quae
1571 750 1610 825 in

352 874 459 949 terris
493 874 625 972 agitur,
664 873 949 971 prosperitatem
979 873 1198 947 institutum.
1245 873 1395 947 Revera
1432 895 1611 971 quacum-

351 1019 424 1090 que
454 990 624 1067 Ecclesia
669 992 870 1092 vestigium
911 992 1044 1089 posuit,
1072 992 1250 1067 continuo
1300 1017 1423 1067 rerum
1473 990 1609 1065 faciem

352 1111 571 1196 immutavit,
590 1110 863 1209 popularesque
876 1135 998 1186 mores
1009 1110 1105 1184 sicut
1120 1110 1319 1185 virtutibus
1334 1127 1444 1184 antea
1457 1107 1607 1208 ignotiS,

352 1232 403 1305 ita
422 1249 460 1304 et
480 1255 577 1305 nova
596 1230 807 1311 urbanitate
832 1230 985 1317 imbuit;
1004 1255 1117 1327 quam
1142 1247 1327 1328 quotquot
1346 1253 1524 1328 accepere
1544 1251 1610 1325 po·

352 1347 437 1446 puli,
467 1349 763 1434 mansuetudine,
784 1348 960 1447 aequitate
984 1373 1107 1442 rerum
1136 1365 1326 1447 gestarum
1346 1346 1465 1447 gloria
1488 1344 1610 1420 excel·

352 1465 510 1541 luerunt.
531 1466 549 1496 ’'
568 1512 618 1522 -
640 1467 854 1542 “Attamen
883 1467 1118 1565 querelarum
1151 1485 1264 1566 atque
1290 1466 1609 1541 insimulationum

353 1584 501 1660 funesta
516 1584 631 1659 libido
651 1610 725 1660 non
743 1585 897 1683 quievit,
918 1612 961 1659 ac
980 1585 1175 1683 permultis
1193 1611 1284 1660 sane
1302 1584 1439 1684 placuit
1458 1582 1609 1658 civilem

355 1822 526 1898 Ecclesia
540 1821 722 1897 catholica
740 1824 884 1922 probat.

403 1951 423 1980 ‘⁸
440 1941 561 2015 lmmo
575 1958 765 2037 postremo
783 1940 853 2016 hoc
882 1958 1051 2038 tempore
1076 1966 1226 2030 novum,
1248 1959 1288 2014 ut
1319 1938 1517 2038 appellant,
1539 1938 1607 2024 ius,

354 2059 455 2157 quod
476 2058 647 2156 inquiunt
665 2084 749 2134 esse
768 2058 870 2133 velut
889 2060 1078 2156 quoddam
1099 2058 1215 2133 adulti
1243 2059 1315 2132 iam
1335 2056 1472 2132 saeculi
1492 2056 1609 2131 incre·

353 2195 532 2265 mentum,
552 2176 816 2276 progrediente
836 2175 1007 2252 libertate
1036 2195 1193 2275 partum,
1215 2175 1341 2257 valere
1363 2201 1406 2249 ac
1423 2174 1609 2249 dominari

352 2295 491 2394 passim
509 2294 643 2393 coepit.
659 2340 708 2351 —
728 2294 806 2369 Sed
825 2295 998 2393 quamvis
1013 2294 1129 2369 multa
1148 2292 1252 2368 multi
1284 2291 1479 2390 periclitati
1507 2308 1606 2379 sunt,

351 2429 507 2498 constat,
530 2430 715 2510 repertam
736 2438 938 2510 numquam
957 2437 1042 2487 esse
1061 2410 1368 2509 praestantiorem
1381 2408 1608 2483 constituen-

353 2533 424 2606 dae
440 2533 780 2629 temperandaeque
799 2531 959 2607 civitatis
979 2532 1171 2618 rationem,
1191 2556 1303 2628 quam
1322 2554 1420 2628 quae
1434 2528 1482 2602 ab
1493 2553 1609 2602 evan·

350 2649 471 2749 gelica
488 2650 658 2724 doctrina
676 2668 810 2747 sponte
830 2650 1028 2725 efflorescit
1047 2647 1101 2749 (¹)
1122 2650 1142 2676 ”

399 2780 433 2843 5.
457 2768 501 2841 ln
520 2793 666 2842 cassum
690 2794 780 2868 ergo
799 2786 909 2843 ruunt
934 2785 1191 2866 perpetuoque
1218 2782 1326 2841 ruent
1351 2782 1507 2839 conatus
1541 2763 1610 2837 hu·

350 2887 460 2974 mani,
479 2887 542 2986 qui
562 2888 825 2985 cupiditatibus
852 2888 1042 2964 effrenatae
1073 2887 1253 2963 libertatis
1273 2885 1474 2961 moliuntur
1491 2910 1608 2982 appo·

350 3030 438 3079 nere
450 3005 649 3079 terminum
669 3032 735 3103 per
754 3005 973 3104 figmentum
995 3007 1197 3079 humanum
1213 3004 1320 3079 unius
1340 3003 1479 3102 patriae,
1498 3001 1608 3076 unius

349 3121 624 3208 nationalitatis,
658 3125 839 3222 uniusque
863 3150 1009 3198 summe
1028 3122 1195 3198 colendae
1226 3120 1468 3196 humanitatis
1483 3148 1491 3207 ;
1505 3122 1608 3217 quod

351 3239 503 3337 quidem
525 3258 563 3313 ut
593 3241 724 3314 umbra
755 3261 955 3316 evanescet
979 3242 1040 3315 ubi
1074 3242 1234 3338 primum
1263 3239 1458 3337 passiones
1494 3255 1609 3335 atque

350 3359 597 3455 aspirationes
625 3359 745 3457 plebis
770 3380 809 3434 ut
838 3361 970 3461 ingens
990 3362 1099 3436 turbo
1120 3362 1155 3434 in
1176 3387 1290 3435 unum
1317 3384 1455 3434 novum
1487 3357 1609 3432 coale-

350 3494 467 3551 scent.
491 3476 694 3551 incassum
721 3480 983 3577 excogitantur
1002 3499 1115 3577 atque
1146 3479 1461 3578 excogitabuntur
1481 3475 1607 3575 magni

349 3613 387 3670 et
408 3593 596 3669 solemnes
627 3615 835 3670 conventus
864 3598 1140 3695 imperatorum,
1163 3622 1292 3695 regum
1324 3622 1367 3669 ac
1398 3595 1608 3693 principum

350 3715 516 3811 Europae
543 3717 616 3813 qui,
638 3717 834 3790 occasione
866 3739 983 3804 nacta,
1006 3742 1108 3791 more
1141 3715 1262 3802 solito,
1292 3739 1446 3789 numero
1475 3731 1513 3788 et
1539 3713 1609 3787 lre·

349 3834 502 3929 quentia
517 3832 703 3908 affirment
722 3852 835 3931 atque
851 3834 1091 3909 manifestent
1116 3832 1391 3908 monarchicam
1410 3830 1609 3905 auctorita·

349 3968 424 4023 tem
454 3952 489 4023 in
521 3951 673 4049 Europa
702 3951 979 4050 praevalentem
1001 3979 1084 4026 cum
1115 3952 1295 4049 postridie
1324 3968 1399 4024 tam
1429 3947 1608 4023 solemnis

349 4068 657 4143 manifestationis
677 4070 731 4144 sas
746 4071 815 4144 erit
835 4070 1268 4169 proletariis,agminibus
1288 4069 1452 4165 undique
1471 4064 1608 4140 confla·

348 4187 406 4273 tis,
427 4208 465 4263 et
480 4190 516 4261 vi
535 4207 573 4262 et
589 4214 743 4263 numero
762 4188 871 4263 altius
890 4188 1070 4265 extollere
1082 4216 1190 4262 suum
1203 4186 1382 4285 populare
1397 4185 1605 4283 imperium,

350 4317 371 4344 “
390 4332 436 4379 ex
455 4332 529 4403 quo
544 4306 595 4390 fit,
616 4308 716 4403 quod
750 4333 903 4382 necesse
931 4327 999 4393 est,
1026 4327 1064 4382 ut
1093 4307 1220 4380 omnia
1250 4307 1323 4379 sint
1350 4304 1487 4401 pariter
1521 4328 1607 4376 cum

345 4411 473 4519 populi
491 4425 644 4497 arbitrio
665 4425 864 4512 mutabilia,
887 4445 924 4501 et
944 4428 1055 4501 timor
1083 4424 1215 4522 aliquis
1236 4424 1427 4498 turbarum
1456 4446 1607 4518 semper
1722 4446 1727 4452 ·

384 4638 405 4678 1.
421 4624 537 4694 Encycl.
550 4624 717 4680 Immortale
727 4628 789 4695 Dei,
807 4643 817 4681 1
835 4630 909 4683 Nov.
927 4630 1003 4698 1885.
