3496 5482
263 452 802 460 --.—-——--1..-——....-—-—-—-—-..
888 451 1013 459 ——·——--
1039 452 1064 460 ..
1083 454 1125 459 —-
1151 454 1195 460 —-.
1217 453 1423 462 -—.-..,-———
1439 453 1509 460 .-.-

667 512 888 563 coNCLthto'
910 513 1104 562 PRACTlCA.

305 683 327 714 “
346 674 398 762 Si,
419 700 503 749 cum
522 675 628 773 pauci
641 693 748 750 erant
764 674 977 761 Christiani,
996 700 1069 749 non
1090 676 1177 749 victi
1198 692 1349 760 sunt,-
1363 678 1513 773 quando

250 791 351 866 orbis
370 808 470 868 totus
489 793 550 891 pia
569 792 750 892 religione
781 793 913 891 plenus
943 812 1010 879 est,
1040 794 1230 891 quomodo
1260 792 1342 868 illos
1363 793 1513 869 vincere

250 909 396 1008 possis?
413 911 417 918 ’

302 1038 324 1068 “
344 1027 486 1103 Coelum
498 1039 533 1104 et
548 1038 653 1103 terra
671 1030 894 1117 tramibunl,
915 1030 1025 1104 verba
1042 1040 1166 1104 autem
1194 1057 1273 1106 mea
1291 1057 1363 1106 non
1392 1040 1514 1106 trans-

249 1149 355 1225 ibunt
374 1147 427 1250 (¹).
449 1150 466 1178 ”

657 1253 760 1326 me
778 1276 838 1328 sm
859 1253 944 1326 Rex
968 1253 1110 1327 Roma!

269 1371 306 1444 H
313 1395 369 1446 AEo
387 1394 523 1447 sunna
541 1395 705 1453 souurro
724 1395 792 1447 ssr
810 1394 1049 1460 QuAEsrrorus
1069 1393 1238 1446 socmnrs
1259 1393 1487 1457 pxAEsnums

369 1490 469 1566 HAEo
497 1515 591 1567 sota
617 1515 805 1567 corrunuo
830 1514 998 1566 srxuuns
1028 1514 1132 1565 Pncrs
1160 1516 1207 1565 nr
1234 1514 1395 1566 oxn1x1s

603 1634 722 1684 mnan
751 1611 923 1687 Eunoen
952 1632 1155 1684 uxrrouus

300 1786 495 1883 Numquid
525 1786 676 1884 impune
705 1812 797 1885 ergo
822 1787 993 1860 nationes
1021 1785 1102 1870 illae,
1121 1811 1216 1882 quas
1236 1786 1316 1882 ipsa
1337 1783 1519 1859 Ecclesia*
1570 1790 1572 1794 ’

224 1906 421 1978 'Romana
449 1905 620 2002 concepit
648 1923 761 2001 atque
790 1904 945 2002 peperit,
976 1930 1070 2002 quas
1100 1905 1180 2002 ipsa
1209 1903 1304 1978 lacte
1328 1904 1508 1978 doctrinae

244 2048 322 2096 suae
341 2048 440 2097 verae
460 2024 623 2110 nutrivit,
643 2049 747 2121 quas,
765 2041 805 2097 ut
824 2023 961 2120 saepius
980 2022 1153 2109 diximus,
1169 2022 1216 2095 ad
1235 2020 1382 2095 culmen
1402 2021 1506 2121 vigo·

245 2142 294 2215 ris
312 2162 350 2219 et
373 2145 578 2242 majestatis
606 2145 788 2243 provexit,
820 2144 999 2242 numquid
1030 2163 1185 2242 possent
1215 2144 1310 2218 hanc
1342 2145 1505 2219 Matrem

243 2286 348 2335 suam
378 2287 563 2360 respuere,
594 2263 748 2348 consilia
778 2265 861 2362 ejus
887 2265 1060 2363 abjicere,
1090 2290 1172 2339 eam
1202 2290 1223 2337 e
1256 2263 1357 2338 Sede
1389 2288 1505 2338 suae

247 2379 475 2455 Patrimonio
493 2382 532 2456 B.
552 2383 651 2457 Petri
666 2381 850 2456 violenter
863 2381 1063 2456 detrudere
1080 2381 1237 2479 ejusque
1255 2381 1505 2456 sacratissima

237 2496 324 2594 jura
352 2497 502 2585 violare,
523 2499 610 2597 quin
642 2499 716 2574 cito
745 2499 1019 2596 dirumperetur
1046 2526 1118 2596 pax
1151 2518 1189 2575 et
1206 2501 1300 2573 ordo
1319 2500 1505 2574 universae

244 2614 392 2689 familiae
406 2615 629 2703 christianae,
644 2635 777 2691 cuncta
792 2617 876 2714 jura
895 2617 1040 2715 privata
1052 2636 1090 2693 et
1105 2617 1235 2703 civilia,
1249 2617 1377 2691 divina
1392 2635 1505 2714 atque

243 2731 405 2806 humana
424 2735 732 2830 periclitarentur,
753 2754 791 2810 et
810 2734 1053 2832 implacabilis
1073 2736 1236 2810 vindicta
1265 2735 1412 2809 Summi
1441 2736 1504 2832 Ju-

243 2849 335 2923 dicis
355 2852 462 2925 nobis
481 2852 737 2949 impenderet?
766 2853 882 2950 Ergo,
908 2873 1037 2927 contra
1065 2854 1229 2950 iniquam
1261 2852 1396 2926 Matris
1420 2878 1504 2950 spo·

242 2965 431 3043 liationem
446 2968 583 3044 bellum
604 2969 797 3067 pacificum
813 2971 975 3069 quidem,
991 2972 1058 3045 sed
1073 2991 1266 3046 strenuum
1286 2988 1400 3068 atque
1414 2971 1503 3044 assi·

241 3085 355 3158 duum
385 3087 666 3186 reintegremus.
703 3088 845 3183 “Quia
876 3089 967 3162 hora
995 3108 1053 3163 est
1083 3090 1162 3188 jam
1195 3115 1262 3163 nos
1293 3089 1341 3162 de
1370 3113 1504 3162 somno

240 3228 403 3301 surgere.
428 3204 541 3279 Nunc
559 3206 658 3280 enim
678 3207 828 3305 propior
847 3224 904 3281 est
924 3225 1050 3282 nostra
1068 3206 1167 3282 salus
1186 3204 1241 3306 (²).
1263 3206 1281 3233 '⁹

292 3320 489 3419 Quotquot
507 3341 593 3397 sunt
611 3348 704 3422 ergo
731 3324 800 3398 viri
820 3323 959 3420 politici
978 3325 1111 3399 studiis
1130 3323 1329 3399 socialibus
1349 3322 1500 3410 addicti,

242 3438 313 3513 hoc
331 3439 402 3513 sibi
417 3439 614 3539 praefigant
633 3460 672 3516 ut
690 3442 963 3516 connexionem
984 3443 1079 3516 inter
1097 3443 1343 3541 quaestionem
1366 3441 1504 3515 Roma·

242 3582 327 3631 nam
356 3575 393 3631 et
422 3560 669 3656 quaestionem
698 3559 873 3634 socialem
896 3560 1055 3656 propriis
1073 3560 1215 3647 studiis,
1237 3558 1503 3658 congressibus

241 3674 598 3762 internationalibus,
620 3676 785 3750 conciliis
813 3702 943 3775 regum
971 3703 1013 3751 ac
1042 3679 1233 3752 nationum
1260 3676 1503 3751 submittant!

293 3793 489 3891 Quotquot
506 3813 656 3869 exstant
688 3794 754 3868 viri
785 3795 936 3881 cordati,
969 3795 1279 3870 associationibus
1309 3791 1502 3868 catholicis

240 3910 321 3984 sive
335 3912 588 4006 operariorum
602 3912 684 3986 sive
697 3938 1017 4010 quorumcumque
1032 3914 1225 3987 hominum
1241 3910 1441 4009 praepositi,
1453 3911 1501 3984 ad

236 4029 321 4126 jura
349 4028 485 4102 sociala
504 4029 729 4104 vindicanda
753 4029 1072 4128 fluctuantemque
1099 4030 1270 4104 ordinem
1300 4027 1503 4104 resarcien-

241 4147 340 4231 dum,
362 4146 433 4222 hoc
451 4149 521 4223 sibi
549 4151 701 4248 suisque
731 4151 833 4246 prius
862 4149 1006 4225 sincere
1035 4137 1256 4247 proponant,
1278 4165 1317 4221 ut
1337 4145 1426 4221 illud
1440 4147 1503 4245 jus

245 4266 480 4340 Pontificium
500 4266 712 4354 reclament,
730 4268 766 4342 in
785 4293 860 4365 quo
878 4286 1054 4343 concreto
1075 4267 1311 4341 vindicantur
1329 4290 1372 4339 ac
1390 4264 1504 4339 stabi·

242 4381 380 4457 liuntur
397 4402 530 4459 cuncta
543 4386 629 4483 jura
647 4384 797 4461 socialia
818 4411 906 4461 vera
926 4385 933 4460 l

281 4608 302 4647 r.
323 4595 410 4727 {lom
425 4595 501 4650 Ante
514 4596 577 4650 exil.
591 4626 626 4634 -
648 4596 715 4650 Pius
731 4597 782 4665 IX,
796 4596 912 4666 Encycl.
927 4596 997 4650 Etsi
1007 4596 1108 4664 mulla,
1123 4611 1153 4650 21
1172 4596 1246 4650 Nov.
1264 4595 1339 4663 1873,
1358 4593 1386 4648 in
1401 4593 1487 4650 calce

280 4688 303 4728 2.
350 4690 414 4745 om,
427 4686 498 4744 xru,
515 4689 554 4730 rr.
