3496 5482
918 470 1522 495 Ἤ

725 533 846 583 canuc
874 533 1041 584 suxrun.
1337 500 1340 504 i
1451 545 1516 614 13¹

305 698 443 770 “Tum
470 723 561 772 vero
580 696 703 769 obviis
735 692 967 791 quibuslibet
993 719 1040 769 ex
1072 697 1208 794 quovis
1231 697 1420 799 religionis
1448 702 1518 776 ritu

254 823 275 852 “
295 814 530 912 accipiendis,
552 814 624 888 hoc
642 829 901 909 assequuntur.
917 828 957 885 ut
973 837 1011 886 re
1032 812 1112 908 ipsa
1130 815 1313 891 suadeant
1341 843 1518 918 magnum

254 931 395 1006 “illum
429 931 538 1006 huius
571 931 752 1029 temporis
781 955 956 1016 errorem,
988 929 1178 1030 religionis
1207 959 1332 1008 curam
1361 936 1518 1035 relinqui

254 1059 274 1087 “
295 1068 471 1146 oportere
490 1049 527 1123 in
547 1049 690 1134 mediis,
707 1073 775 1122 nec
791 1046 905 1121 ullum
927 1073 1010 1122 esse
1030 1048 1126 1123 inter
1144 1075 1285 1149 genera
1303 1053 1516 1133 discrimen.

302 1174 442 1270 “Quae
454 1176 606 1273 quidem
624 1175 718 1249 ratio
732 1192 948 1271 comparata
962 1174 1010 1247 ad
1022 1174 1213 1250 interitum
1226 1197 1283 1253 est
1295 1178 1517 1278 religionum

252 1303 273 1331 ‘⁸
292 1292 470 1381 omniurn,
492 1293 710 1369 nominatim
726 1292 773 1365 ad
793 1290 1007 1377 catholicae,
1022 1318 1119 1389 quae
1136 1319 1220 1368 curn
1240 1321 1314 1370 una
1333 1323 1380 1372 ex
1400 1300 1517 1373 omni-

250 1414 356 1488 “bus
374 1440 464 1490 vera
483 1416 542 1503 sit,
565 1413 764 1511 exaequari
784 1439 866 1487 cum
887 1412 1021 1489 ceteris
1033 1412 1113 1488 sine
1133 1414 1264 1489 iniuria
1282 1443 1428 1492 summa
1442 1443 1516 1492 non

251 1545 271 1573 “
291 1553 425 1632 potest.
1032 1541 1038 1553 ’

300 1668 352 1730 17.
374 1661 418 1736 B.
437 1707 487 1718 —
505 1661 650 1758 Quonu
669 1671 833 1736 nonus.“
849 1661 927 1736 Sed
946 1660 1095 1759 longius
1110 1660 1145 1734 N
1152 1685 1415 1738 Arunnursrnu
1433 1692 1516 1763 pro·

251 1788 272 1816 ‘⁸
290 1777 520 1875 grediuntur.

298 1916 319 1944 ‘⁸
336 1905 378 1979 ln
395 1908 567 1982 maximis
582 1908 681 1982 enim
698 1908 809 1982 rebus
830 1926 908 1982 tota
927 1932 1050 1982 errare
1065 1907 1126 1980 via
1144 1909 1321 1985 audacter
1340 1911 1511 2012 ingressi,

246 2031 267 2095 ‘.‘
286 2025 477 2120 praecipiti
496 2051 604 2099 cursu
626 2027 673 2099 ad
693 2043 862 2100 extrema
874 2024 1107 2112 delabuntur,
1131 2026 1213 2100 sive
1241 2026 1426 2104 humanae
1441 2031 1507 2104 im·

246 2149 266 2178 “
286 2140 485 2220 becillitate
516 2161 679 2230 naturae,
711 2145 791 2219 sive
821 2142 977 2217 consilio
1010 2143 1126 2217 iustas
1152 2144 1349 2242 superbiae
1373 2173 1513 2246 poenas

245 2261 487 2356 “repetentis
509 2262 597 2336 Dei.

296 2394 315 2425 ‘¹
339 2387 395 2460 lta
414 2386 464 2474 fit,
487 2406 526 2462 ut
555 2387 624 2462 illis
651 2414 697 2463 ne
726 2414 771 2463 ea
800 2388 952 2485 quidem
972 2407 1072 2463 certa
1099 2405 1137 2462 et
1156 2388 1230 2462 fixa
1248 2411 1502 2486 permaneant,

246 2511 381 2601 “quae
400 2506 555 2579 naturali
574 2505 713 2580 lumine
731 2506 884 2579 rationis
911 2506 1174 2603 percipiuntur,
1196 2506 1320 2605 qualia
1339 2509 1507 2604 prolecto

245 2620 341 2696 “illa
359 2641 461 2697 sunt:
475 2665 524 2676 —
542 2625 667 2699 Deum
687 2649 786 2710 esse;
805 2624 1014 2697 —animos
1029 2623 1221 2697 hominum
1239 2624 1287 2697 ab
1305 2627 1407 2700 omni
1421 2653 1505 2704 esse

245 2745 265 2776 ‘⁸
285 2742 462 2816 materiae
473 2741 1251 2841 concretionesegregatos,-eosdemque
1264 2743 1505 2821 immortales>
1565 2749 1569 2758 '

296 2875 315 2903 “
334 2867 452 2964 Atqui
470 2887 572 2943 secta
594 2869 818 2943 Mnssonun
837 2867 884 2941 ad
904 2867 973 2941 hos
993 2867 1093 2964 ipsos
1112 2866 1285 2964 scopulos
1305 2894 1379 2943 non
1398 2870 1503 2944 dissi·

243 2991 265 3021 ⁴‘
284 2985 359 3059 mili
378 3012 507 3061 cursus
526 3013 649 3062 errore
668 2987 910 3061 adhaerescit.

291 3101 305 3202 (
315 3101 349 3200 1)
370 3114 389 3142 “
409 3104 593 3201 Quamvis
612 3106 713 3179 eninr
743 3104 868 3179 Deum
901 3129 984 3178 esse
1014 3105 1222 3203 generatim
1247 3104 1501 3201 profiteantur,

243 3231 264 3260 “
284 3221 320 3294 id
339 3240 464 3297 tamen
479 3249 554 3296 non
567 3224 720 3297 haerere
740 3222 777 3296 in
796 3221 1028 3321 singulorum
1048 3222 1235 3296 mentibus
1254 3222 1361 3296 firma
1377 3251 1502 3301 assen-

243 3348 263 3378 “
284 3340 385 3414 tione
404 3341 613 3439 iudicioque
631 3340 753 3415 stabili
772 3342 1026 3427 constitutum,
1048 3341 1117 3437 ipsi
1137 3341 1207 3414 sibi
1221 3359 1450 3439 sunt-testes.

294 3458 474 3556 “Neque
502 3459 600 3534 enim
637 3458 880 3543 dissimulant,
906 3458 1001 3532 hanc
1038 3459 1085 3532 de
1123 3459 1209 3533 Deo
1244 3461 1502 3555 quaestionem

145 3647 148 3652 ,
243 3577 481 3650 “maximum
512 3577 610 3673 apud
641 3577 741 3673 ipsos
767 3601 852 3651 esse
885 3576 1027 3651 fontem
1058 3601 1303 3672 caussamque
1329 3576 1503 3667 dissidii;

243 3695 392 3769 “immo
408 3720 482 3769 non
497 3696 722 3770 mediocrem
742 3694 810 3767 hac
830 3695 911 3792 ipsa
929 3696 977 3769 de
997 3721 1036 3770 re
1054 3712 1201 3769 constat
1220 3695 1390 3770 extitisse
1409 3697 1504 3771 inter

242 3823 341 3886 “eos
360 3814 531 3910 proximo
550 3813 661 3887 etiam
681 3830 850 3909 tempore
868 3813 1157 3887 contentionem.
1182 3813 1239 3886 Re
1258 3831 1381 3887 autem
1404 3840 1502 3900 vera,

242 3938 261 3968 ‘⁸
282 3930 433 4004 initiatis
453 3956 627 4030 magnam
646 3949 748 4005 secta
766 3928 953 4003 licentiam
981 3929 1055 4016 dat,
1080 3948 1119 4003 ut
1144 3929 1361 4004 alterutrum
1394 3929 1502 4005 liceat

243 4055 262 4086 “
283 4073 351 4122 suo
367 4048 444 4123 iure
463 4048 673 4133 defendere,
699 4048 824 4121 Deum
843 4072 938 4134 esse,
962 4048 1087 4122 Deum
1108 4045 1247 4120 nullum
1263 4073 1368 4135 esse;
1388 4048 1503 4146 etqui

242 4176 263 4267 ξ’
282 4165 420 4240 nullum
448 4193 530 4242 esse
549 4168 754 4265 praefracte
781 4168 1018 4255 contendant,
1052 4186 1127 4242 tam
1164 4166 1270 4241 facile
1301 4167 1501 4255 initiantur,

241 4293 262 4323 “
281 4310 392 4382 quam
411 4288 474 4384 qui
497 4288 621 4361 Deum
640 4312 724 4361 esse
741 4288 942 4385 opinantur
960 4288 1122 4384 quidem,
1143 4287 1211 4360 sed
1237 4286 1285 4362 de
1305 4287 1365 4362 Eo
1388 4314 1504 4385 prave

243 4415 264 4444 “
282 4409 456 4495 sentiunt,
478 4427 517 4482 ut
539 4408 778 4482 Pantheistae
797 4407 919 4481 solent
937 4436 943 4481 :
958 4408 1059 4504 quod
1080 4406 1166 4480 nihil
1188 4425 1245 4481 est
1263 4405 1371 4494 aliud,
1391 4432 1503 4504 quam

244 4535 264 4563 ‘⁴
283 4527 433 4603 divinae
452 4546 606 4602 naturae
620 4527 818 4601 absurdam
838 4527 1039 4623 quamdam
1059 4525 1221 4623 speciem
1237 4524 1504 4611 retinere,veri·

246 4657 266 4686 ‘⁸
286 4665 400 4721 tatem
420 4646 560 4721 tollere.
