3496 5482
829 506 959 512 --——
1348 506 1566 514 ——--—-—-

311 551 358 639 78
720 568 813 618 nana
841 568 901 619 sm
929 567 1005 618 nux
1034 567 1159 620 nona.

309 730 497 828 perlectus
517 729 679 827 reputari
700 746 835 825 potest,
861 728 964 802 brevi
988 734 1074 826 post
1101 728 1268 803 firmatus
1294 745 1332 804 et
1359 729 1568 826 ampliatus.

309 907 315 918 ,
360 847 478 932 Arma
492 877 560 932 sua
578 856 662 931 dein
677 856 901 954 Aistulphus
916 857 1028 931 vertit
1040 858 1087 932 ad
1107 842 1401 956 expugnandum
1420 884 1570 956 quoque

310 979 484 1052 ducatum
517 966 741 1051 Romanum.
764 977 980 1074 Stephanus
1004 977 1040 1050 ll
1081 977 1231 1051 tandem
1253 973 1400 1076 pacem'
1415 978 1451 1051 in
1481 1004 1569 1076 qua·

307 1088 620 1194 draginta'annos
638 1119 721 1168 cum
754 1120 801 1169 eo
831 1093 1021 1169 concludit
1042 1120 1049 1180 ;
1068 1096 1134 1173 sed
1173 1118 1258 1168 mox
1294 1094 1436 1170 foedera
1462 1113 1570 1193 rupta

309 1207 407 1286 sunt.
423 1211 596 1286 Pontifex
611 1212 659 1284 ab
674 1211 899 1309 imperatore
918 1212 1086 1287 Orientis
1098 1211 1275 1286 auxilium
1296 1209 1460 1310 postulat
1482 1212 1568 1300 ;sed

312 1322 456 1404 frustra.
480 1328 752 1404 Constantinus
771 1329 1047 1427 Coptonymus,
1073 1329 1171 1404 bello
1189 1348 1319 1406 contra
1337 1355 1461 1421 sacras
1480 1330 1569 1403 ima·

309 1446 417 1546 gines
449 1447 618 1546 gerendo
645 1447 753 1520 unice
783 1447 958 1530 intentus,
980 1446 1069 1521 nihil
1107 1448 1194 1522 fecit
1221 1466 1261 1523 ut
1295 1447 1569 1548 Longobardos

311 1560 539 1663 reprimeret.
561 1562 741 1662 Confugit
770 1589 863 1662 ergo
895 1563 1069 1638 Pontifex
1091 1565 1139 1638 ad
1179 1565 1346 1639 Francos
1371 1584 1409 1639 et
1447 1565 1569 1663 Pipini

311 1685 405 1783 petit
423 1684 614 1770 auxilium,
650 1685 714 1782 qui
733 1683 909 1757 auxilium
939 1685 1108 1781 promisit
1130 1684 1345 1782 Papamque
1365 1702 1404 1757 ut
1424 1684 1460 1757 in
1481 1683 1569 1759 Gal·

310 1802 397 1878 liam
427 1801 572 1876 veniret
607 1800 789 1875 invitavit.
822 1800 1038 1898 Stephanus
1076 1803 1198 1877 Roma
1234 1800 1445 1900 profectus,
1468 1803 1568 1899 prius

311 1945 422 2020 quam
437 1919 485 1993 ad
504 1918 637 1993 Galliae
656 1918 749 1997 fines
768 1919 1066 2021 progrederetur,
1089 1919 1272 2017 intrepide
1292 1919 1410 1994 adivit
1428 1918 1569 1993 Aistul·

311 2037 437 2136 phum.
459 2037 543 2123 Hic,
560 2038 731 2134 quamvis
745 2039 940 2138 aegerrime
960 2037 1083 2114 tulerit
1099 2038 1334 2140 Stephanum
1355 2040 1392 2114 in
1407 2039 1568 2115 Galliam

311 2154 504 2254 proficisci,
527 2179 601 2229 non
620 2180 732 2230 ausus
750 2175 808 2230 est
826 2182 912 2231 eum
932 2158 1104 2232 retinere.
1135 2157 1172 2230 Η
1179 2158 1261 2257 ujus
1281 2157 1423 2232 itineris
1443 2157 1569 2233 felices

312 2275 460 2349 luerunt
480 2273 629 2348 fructus.
655 2274 755 2348 Nam
775 2273 922 2348 auxiliis
948 2275 1067 2373 Pipini
1087 2292 1124 2350 et
1153 2275 1241 2350 dein
1266 2274 1390 2350 Caroli
1423 2275 1567 2375 Magni,

311 2410 479 2491 potestas
500 2392 837 2491 Longobardorum
865 2392 933 2468 luit
953 2417 1132 2490 repressa,
1152 2395 1379 2492 demumque
1397 2393 1565 2481 contrita,

315 2510 548 2606 Principatus
567 2535 658 2586 vero
677 2509 796 2584 civilis
815 2511 854 2585 S.
873 2510 984 2585 Sedis
1004 2509 1158 2585 firmiter
1176 2511 1413 2586 constitutus.

315 2632 318 2639 ’
360 2636 434 2710 Ast
463 2636 573 2710 decet
592 2627 633 2709 ut
644 2637 724 2734 jam
743 2637 790 2712 de
820 2638 1031 2713 elevatione
1053 2638 1172 2736 Pipini
1192 2639 1239 2713 ad
1274 2665 1430 2738 regnum
1462 2657 1500 2714 et
1520 2640 1568 2714 de

310 2752 500 2829 beneficiis
515 2754 652 2829 mutuis
671 2755 767 2828 inter
781 2756 1000 2831 Pontificem
1015 2774 1052 2830 et
1072 2780 1198 2855 regem
1222 2749 1568 2831 Francorum'insti·

309 2890 434 2946 tuatur
451 2896 585 2945 sermo.

360 3004 426 3106 (2).
439 3006 634 3081 Mediante
652 3005 789 3081 saeculo
807 3026 941 3084 octavo
960 3009 996 3081 in
1017 3034 1134 3107 regno
1151 3008 1381 3083 Francorum
1397 3008 1568 3109 deposita

309 3124 375 3197 suit
388 3125 540 3221 antiqua
552 3125 666 3223 stirps
682 3124 1003 3224 Merovingorum,
1019 3127 1191 3223 quaejam
1207 3127 1383 3200 diuturno
1399 3134 1568 3223 temp0re

309 3241 493 3315 intestinis
519 3241 666 3316 familiae
684 3242 889 3326 discordiis,
911 3242 1124 3341 polygamia
1144 3261 1181 3316 et
1199 3241 1343 3315 luxuria
1362 3242 1565 3328 debilitata,

310 3359 645 3456 repraesentabatur
664 3360 700 3433 in
716 3385 805 3458 rege
828 3360 1041 3434 Childerico
1064 3360 1138 3444 111,
1156 3385 1272 3455 puero
1291 3361 1422 3434 decem
1452 3385 1566 3433 anno-

306 3500 389 3549 rum
411 3494 509 3561 nato,
527 3459 655 3572 inepto
670 3495 707 3551 et
727 3478 919 3576 regiminis
939 3478 1115 3574 incapaci.
1137 3520 1186 3533 -
1209 3478 1417 3575 Majoratus
1434 3477 1567 3549 domus

309 3620 374 3667 seu
393 3620 539 3668 summa
551 3595 741 3692 regiminis
753 3615 833 3668 erat
847 3621 963 3691 penes
979 3594 1161 3691 Pipinum,
1181 3596 1244 3691 qui
1258 3620 1316 3669 res
1338 3595 1567 3668 Francorum

309 3737 377 3809 pro
396 3710 490 3784 virili
526 3731 631 3811 parte
661 3713 791 3810 gessit,
817 3712 974 3787 rebelles
1003 3712 1157 3810 redegit,
1180 3712 1383 3814 hostesque
1408 3711 1564 3786 domuit.

310 3833 407 3906 Cum
421 3858 509 3907 vero
522 3834 773 3907 vastissimum
791 3834 1020 3937 Francorum
1037 3858 1192 3931 regnum
1208 3832 1466 3917 seditionibus,
1485 3857 1568 3905 nec·

311 3976 385 4059 non
415 3952 633 4026 Maurorum
655 3952 898 4052 *aliorumque
918 3954 1079 4027 hostium
1101 3951 1374 4026 incursionibus
1410 3968 1565 4056 pateret,

309 4059 481 4175 proceres
507 4071 746 4145 ecclesiastici
765 4089 878 4169 atque
905 4072 1044 4157 civiles,
1065 4097 1132 4169 pro
1154 4071 1334 4146 Ecclesiae
1365 4098 1408 4147 ac
1430 4072 1567 4177 Reipu-

310 4187 414 4262 blicae
434 4188 543 4276 bono,
560 4190 754 4264 consilium
776 4192 936 4265 inierunt
954 4191 1150 4265 abdicandi
1172 4190 1423 4266 Childericum
1448 4189 1507 4262 lll
1532 4206 1569 4260 et

309 4331 436 4406 regem
456 4310 604 4383 creandi
628 4309 810 4408 Pipinum.
829 4311 1056 4385 Adeundum
1072 4309 1174 4406 prius
1190 4330 1415 4386 censuerunt
1430 4310 1567 4382 Roma·

302 4452 397 4531 num
420 4429 639 4504 Pontificem
658 4448 695 4504 et
716 4432 862 4516 adeum
879 4433 979 4505 missi
999 4449 1087 4504 sunt
1106 4430 1220 4528 legati
1241 4432 1314 4528 qui,
1330 4427 1408 4505 tum
1431 4428 1563 4524 Pipini,

308 4561 387 4619 tum
409 4531 638 4622 Francorum
671 4549 822 4638 nomine
850 4550 988 4647 Papam
1006 4549 1279 4645 interrogarent
1300 4566 1422 4622 utrum
1443 4543 1568 4641 is,qui

308 4687 451 4740 murum
466 4666 564 4766 regis
577 4691 725 4753 nomen,
741 4692 788 4741 an
805 4668 909 4769 isqui
922 4667 1064 4770 regiam
1077 4684 1303 4764 potestatem
1319 4651 1485 4753 haberet,
1502 4688 1567 4738 rex
