3496 5482
251 442 538 452 ——-.—----—-—-
544 441 581 446 „‚.
587 440 606 446 --
624 439 676 445 ⁴⁴----
683 439 717 445 -›-
724 439 856 444 ›au—*—

596 501 720 552 CAPUT
746 500 927 551 DECIMUM
954 501 1141 552 TERTIUM.
1428 510 1496 580 301

243 607 502 618 ..----—.-
1114 606 1498 624 Ἥ

245 662 439 736 mabilium
462 661 721 734 thesaurorum
756 660 895 733 fontem
922 660 1226 736 fecundissimum
1246 688 1321 738 uno
1346 666 1419 738 ictu
1438 691 1502 738 ex·
1611 700 1616 712 r

242 780 381 854 siccare
394 776 447 878 (¹)
470 777 488 804 ’⁹

297 898 526 972 Libertatem
552 913 678 968 autem
708 895 900 992 pristinam
932 896 1090 971 reddere
1109 896 1148 972 S.
1171 896 1261 972 Sedi
1277 915 1314 973 et
1333 924 1401 997 per
1417 924 1500 973 eam

245 1014 432 1113 Religioni
463 1012 701 1089 benefactrici
726 1032 826 1088 esset
855 1013 1000 1086 ltaliam
1030 1041 1052 1087 a
1084 1014 1189 1087 ruina
1207 1032 1245 1088 et
1263 1016 1311 1090 ab
1330 1015 1501 1091 hostibus

242 1135 318 1209 suis
333 1133 594 1209 infensissimis
608 1132 756 1230 penitus
775 1132 942 1206 liberare.

295 1261 316 1288 ⁴‘
335 1249 547 1346 Propositio
565 1276 661 1348 quae
691 1250 829 1323 iamdiu
852 1249 1067 1350 pervulgari
1086 1251 1196 1348 cepit,
1222 1252 1427 1328 catholicos
1458 1278 1501 1326 ac

243 1368 364 1464 ipsum
398 1366 617 1442 Pontificem
655 1367 785 1442 ltaliae
816 1368 945 1443 hostes
977 1395 1071 1455 esse,
1095 1385 1132 1442 et
1165 1369 1378 1456 lactionum,
1404 1395 1501 1467 quae

242 1486 367 1561 omnia
386 1486 619 1572 subvertunt,
642 1485 854 1560 foederatos
873 1487 1006 1572 socios,
1020 1488 1174 1562 omnino
1192 1488 1355 1586 gratuita
1371 1487 1501 1561 iniuria

241 1625 355 1702 atque
390 1603 589 1700 impudens
620 1602 804 1676 calumnia
823 1620 890 1689 est,
912 1631 934 1676 a
953 1604 1064 1678 sectis
1101 1605 1268 1679 studiose
1298 1630 1438 1701 sparsa,
1461 1623 1501 1680 ut

241 1748 308 1796 sua
323 1746 501 1820 perversa
520 1720 672 1794 consilia
692 1721 763 1795 hoc
782 1720 894 1818 pallio
914 1739 1054 1821 tegant,
1069 1747 1136 1797 nec
1149 1722 1294 1795 obicem
1309 1720 1502 1798 offendant

241 1843 305 1940 qui
324 1841 414 1940 ipsis
442 1841 512 1915 iter
529 1839 698 1914 obstruat
719 1839 754 1912 in
775 1840 959 1936 patrando
992 1840 1107 1937 impio
1144 1839 1294 1926 scelere,
1315 1840 1415 1937 quod
1444 1859 1502 1914 est

246 1958 392 2034 ltaliam
413 1954 596 2031 catholica
616 1955 796 2055 religione
813 1957 956 2032 orbare.

296 2076 517 2175 “Apprime
545 2099 674 2147 verum
712 2093 768 2148 est
797 2073 1000 2149 catholicos
1031 2075 1178 2149 Patriae
1208 2100 1299 2149 suae
1333 2075 1500 2148 omnium

242 2195 404 2295 optimos
431 2194 571 2268 amicos
600 2217 694 2277 esse,
715 2217 855 2289 eosque
883 2191 1027 2267 virilem
1057 2218 1304 2290 veracemque
1335 2219 1500 2268 amorem

244 2338 318 2390 non
332 2314 445 2387 modo
464 2338 554 2410 erga
572 2311 711 2385 avitam
735 2309 971 2409 Religionem
997 2311 1195 2386 sedetiam
1225 2336 1315 2410 erga
1338 2312 1501 2386 Patriam

242 2431 454 2516 ostendere,
468 2448 587 2504 semet
605 2454 627 2501 a
646 2428 769 2503 Sectis
787 2447 1012 2514 avertentes,
1034 2454 1237 2526 earumque
1266 2430 1439 2526 spiritum
1463 2448 1501 2505 et

243 2575 358 2648 opera
376 2565 605 2631 aversantes,
626 2571 668 2618 ac
688 2545 775 2619 totis
796 2545 937 2619 viribus
956 2546 1181 2632 adnitentes,
1201 2573 1247 2622 ne
1271 2546 1379 2621 ltalia
1396 2549 1501 2623 amit·

244 2687 307 2755 tat,
328 2667 394 2742 sed
416 2666 491 2739 imo
506 2682 546 2737 ut
564 2664 728 2737 vividam
750 2682 897 2737 tueatur
919 2664 1051 2738 Fidem
1070 2692 1077 2750 ;
1098 2689 1144 2739 ne
1160 2664 1369 2740 Ecclesiam
1387 2667 1501 2763 impe·

244 2805 306 2872 tat,
335 2785 402 2860 sed
432 2802 471 2857 ut
490 2781 612 2857 eidem
638 2779 753 2855 veluti
785 2780 858 2853 filia
884 2779 1042 2855 fideliter
1061 2782 1200 2856 serviat
1214 2808 1283 2867 ;ne
1305 2782 1501 2857 Pontifica-

242 2923 320 2979 tum
340 2902 524 2977 hostiliter
555 2899 805 2998 aggrediatur,
827 2900 894 2973 sed
922 2899 1045 2995 potius
1066 2919 1105 2973 ut
1133 2925 1216 2973 cum
1238 2902 1320 2998 ipso
1340 2903 1502 2977 reconci-

242 3020 350 3095 lietur
371 3016 425 3118 (²).
446 3017 464 3043 ''
1313 3087 1315 3091 ,

293 3151 328 3212 8.
348 3136 426 3212 Sed
445 3153 482 3209 et
496 3133 577 3207 orbi
614 3133 790 3207 universo
822 3135 989 3230 perutilis
1022 3154 1123 3210 esset
1160 3136 1379 3211 instauratio
1406 3136 1501 3235 juris

243 3251 538 3328 internationalis
575 3253 775 3326 christiana
805 3279 850 3327 ex
891 3254 1119 3354 reintegrato
1151 3256 1365 3354 Principatu
1403 3254 1501 3329 civili

243 3373 282 3447 S.
305 3372 416 3447 Sedis
434 3373 486 3446 sic
508 3370 750 3445 obfirmanda.

293 3490 446 3585 Quanta
465 3489 602 3588 ubique
620 3491 669 3563 sit
688 3514 810 3564 rerum
832 3490 999 3564 omnium
1020 3491 1262 3589 perturbatio,
1279 3508 1443 3588 quantus
1462 3488 1499 3563 in

243 3608 396 3706 Europa
426 3626 559 3694 motus,
580 3608 707 3705 ecquis
728 3633 801 3680 non
822 3609 947 3681 videat
972 3634 1014 3682 ac
1036 3634 1109 3683 non
1135 3608 1260 3683 doleat
1279 3610 1293 3683 ?
1311 3619 1331 3648 “
1355 3608 1499 3685 Infecta

240 3745 298 3801 est
317 3744 415 3800 terra
442 3727 491 3800 ab
510 3725 781 3800 habitatoribus
814 3725 891 3798 suis
922 3726 1010 3822 quia
1029 3726 1251 3825 transgressi
1271 3744 1358 3800 sunt
1382 3725 1497 3824 leges,

242 3863 482 3919 mutaverunt
496 3845 568 3941 jus
582 3844 861 3939 dissipaverunt
881 3843 1012 3919 soedus
1031 3847 1314 3942 sempiternum.
1330 3843 1345 3871 ''

295 3962 354 4037 En
374 3963 565 4059 quomodo
583 3962 755 4036 Pontifex
781 3961 878 4037 clare
897 3965 1075 4038 adscribit
1107 3963 1202 4038 mala
1231 3961 1500 4037 tentaminibus

241 4104 369 4152 eorum
385 4079 447 4175 qui
478 4077 559 4152 loco
579 4080 657 4153 veri
682 4080 778 4178 juris
805 4080 1019 4168 Christiani,
1047 4106 1186 4154 novum
1220 4083 1282 4180 jus
1313 4105 1360 4154 ex
1399 4105 1500 4153 novo

241 4197 422 4297 figmento
438 4198 601 4270 humano
621 4197 919 4272 humanitarismi
946 4200 1109 4274 condere
1127 4198 1293 4274 voluere,

182 4309 185 4314 ’
294 4317 432 4389 “llaec
459 4334 584 4389 autem
609 4315 790 4390 malorum
811 4318 1015 4416 congeries,
1031 4318 1151 4416 inquit
1172 4318 1259 4392 Pius
1289 4317 1356 4402 ΙΧ,
1374 4316 1423 4389 ab
1455 4317 1498 4388 iis

279 4565 300 4605 1.
316 4551 476 4620 Encycl.15
492 4551 555 4603 Oct.
574 4549 648 4618 1890.

277 4645 300 4685 2.
317 4631 432 4702 Encycl.
448 4630 494 4685 cit.
512 4642 541 4698 15
557 4630 619 4684 Oct.
638 4630 714 4698 1899.
