<?xml version="1.0" encoding="UTF-8"?>
<!DOCTYPE html PUBLIC "-//W3C//DTD XHTML 1.0 Transitional//EN"
    "http://www.w3.org/TR/xhtml1/DTD/xhtml1-transitional.dtd">
<html xmlns="http://www.w3.org/1999/xhtml" xml:lang="en" lang="en">
 <head>
  <title>
</title>
<meta http-equiv="Content-Type" content="text/html;charset=utf-8" />
  <meta name='ocr-system' content='tesseract 3.04.00' />
  <meta name='ocr-capabilities' content='ocr_page ocr_carea ocr_par ocr_line ocrx_word'/>
</head>
<body>
  <div class='ocr_page' id='page_1' title='image "./papasitrexromae00godtgoog_0028.png"; bbox 0 0 3496 5482; ppageno 0'>
   <div class='ocr_carea' id='block_1_1' title="bbox 664 536 1452 609">
    <p class='ocr_par' dir='ltr' id='par_1_1' title="bbox 664 536 1452 609">
     <span class='ocr_line' id='line_1_1' title="bbox 664 536 1452 609; baseline 0.005 -23"><span class='ocrx_word' id='word_1_1' title='bbox 664 536 786 586; x_wconf 72' lang='lat' dir='ltr'>cneus</span> <span class='ocrx_word' id='word_1_2' title='bbox 814 536 977 588; x_wconf 74' lang='lat' dir='ltr'>nmmum.</span> <span class='ocrx_word' id='word_1_3' title='bbox 1410 536 1452 609; x_wconf 89' lang='lat'>17</span> 
     </span>
    </p>
   </div>
   <div class='ocr_carea' id='block_1_2' title="bbox 188 698 1454 1153">
    <p class='ocr_par' dir='ltr' id='par_1_2' title="bbox 188 698 1454 1153">
     <span class='ocr_line' id='line_1_2' title="bbox 211 698 1454 796; baseline -0.001 -21"><span class='ocrx_word' id='word_1_4' title='bbox 211 703 212 706; x_wconf 67' lang='grc'>’</span> <span class='ocrx_word' id='word_1_5' title='bbox 241 716 295 776; x_wconf 86' lang='grc'>10.</span> <span class='ocrx_word' id='word_1_6' title='bbox 330 700 554 774; x_wconf 83' lang='lat' dir='ltr'>Differentia</span> <span class='ocrx_word' id='word_1_7' title='bbox 585 699 665 773; x_wconf 85' lang='lat' dir='ltr'>haee</span> <span class='ocrx_word' id='word_1_8' title='bbox 690 698 861 780; x_wconf 88' lang='lat' dir='ltr'>maxima,</span> <span class='ocrx_word' id='word_1_9' title='bbox 883 717 920 772; x_wconf 91' lang='lat' dir='ltr'>et</span> <span class='ocrx_word' id='word_1_10' title='bbox 960 699 1181 773; x_wconf 85' lang='lat' dir='ltr'>excellentia</span> <span class='ocrx_word' id='word_1_11' title='bbox 1212 725 1288 796; x_wconf 86' lang='lat' dir='ltr'>prae</span> <span class='ocrx_word' id='word_1_12' title='bbox 1317 700 1454 775; x_wconf 85' lang='lat' dir='ltr'>ceteris</span> 
     </span>
     <span class='ocr_line' id='line_1_3' title="bbox 191 815 1450 914; baseline -0.001 -22"><span class='ocrx_word' id='word_1_13' title='bbox 191 817 476 914; x_wconf 90' lang='lat' dir='ltr'>Principatibus,</span> <span class='ocrx_word' id='word_1_14' title='bbox 503 816 674 892; x_wconf 84' lang='lat' dir='ltr'>consistit</span> <span class='ocrx_word' id='word_1_15' title='bbox 705 815 910 912; x_wconf 88' lang='lat' dir='ltr'>praesertim</span> <span class='ocrx_word' id='word_1_16' title='bbox 941 816 977 888; x_wconf 91' lang='lat' dir='ltr'>in</span> <span class='ocrx_word' id='word_1_17' title='bbox 1016 815 1230 891; x_wconf 86' lang='lat' dir='ltr'>charactere</span> <span class='ocrx_word' id='word_1_18' title='bbox 1257 816 1450 914; x_wconf 82' lang='lat' dir='ltr'>spirituali,</span> 
     </span>
     <span class='ocr_line' id='line_1_4' title="bbox 188 935 1451 1040; baseline 0 -29"><span class='ocrx_word' id='word_1_19' title='bbox 188 962 301 1034; x_wconf 89' lang='lat' dir='ltr'>quem</span> <span class='ocrx_word' id='word_1_20' title='bbox 321 962 438 1040; x_wconf 91' lang='lat' dir='ltr'>prope</span> <span class='ocrx_word' id='word_1_21' title='bbox 457 936 625 1021; x_wconf 90' lang='lat' dir='ltr'>divinum</span> <span class='ocrx_word' id='word_1_22' title='bbox 645 935 814 1021; x_wconf 86' lang='lat' dir='ltr'>dixerim,</span> <span class='ocrx_word' id='word_1_23' title='bbox 832 954 869 1009; x_wconf 92' lang='lat' dir='ltr'>et</span> <span class='ocrx_word' id='word_1_24' title='bbox 888 962 964 1033; x_wconf 92' lang='lat' dir='ltr'>quo</span> <span class='ocrx_word' id='word_1_25' title='bbox 983 939 1030 1010; x_wconf 87' lang='lat' dir='ltr'>ex</span> <span class='ocrx_word' id='word_1_26' title='bbox 1050 936 1228 1036; x_wconf 82' lang='lat' dir='ltr'>singulari</span> <span class='ocrx_word' id='word_1_27' title='bbox 1247 937 1451 1013; x_wconf 88' lang='lat' dir='ltr'>Providen-</span> 
     </span>
     <span class='ocr_line' id='line_1_5' title="bbox 189 1053 1450 1153; baseline 0.002 -25"><span class='ocrx_word' id='word_1_28' title='bbox 189 1055 250 1129; x_wconf 86' lang='lat' dir='ltr'>tiae</span> <span class='ocrx_word' id='word_1_29' title='bbox 264 1055 421 1129; x_wconf 92' lang='lat' dir='ltr'>consilio</span> <span class='ocrx_word' id='word_1_30' title='bbox 436 1054 655 1153; x_wconf 86' lang='lat' dir='ltr'>insignitum</span> <span class='ocrx_word' id='word_1_31' title='bbox 668 1071 726 1128; x_wconf 89' lang='lat' dir='ltr'>est</span> <span class='ocrx_word' id='word_1_32' title='bbox 741 1053 948 1150; x_wconf 85' lang='lat' dir='ltr'>temporale</span> <span class='ocrx_word' id='word_1_33' title='bbox 962 1053 1033 1128; x_wconf 92' lang='lat' dir='ltr'>hoc</span> <span class='ocrx_word' id='word_1_34' title='bbox 1050 1055 1088 1128; x_wconf 90' lang='lat' dir='ltr'>S.</span> <span class='ocrx_word' id='word_1_35' title='bbox 1104 1054 1217 1128; x_wconf 89' lang='lat' dir='ltr'>Sedis</span> <span class='ocrx_word' id='word_1_36' title='bbox 1231 1055 1450 1130; x_wconf 88' lang='lat' dir='ltr'>dominium.</span> 
     </span>
    </p>
   </div>
   <div class='ocr_carea' id='block_1_3' title="bbox 192 1161 1677 1268">
    <p class='ocr_par' dir='ltr' id='par_1_3' title="bbox 192 1161 1677 1268">
     <span class='ocr_line' id='line_1_6' title="bbox 192 1161 1677 1268; baseline -0.001 -20"><span class='ocrx_word' id='word_1_37' title='bbox 192 1171 377 1248; x_wconf 77' lang='lat' dir='ltr'>“&#39;Civilis</span> <span class='ocrx_word' id='word_1_38' title='bbox 417 1172 516 1247; x_wconf 93' lang='lat' dir='ltr'>enim</span> <span class='ocrx_word' id='word_1_39' title='bbox 554 1171 787 1268; x_wconf 89' lang='lat' dir='ltr'>Principatus</span> <span class='ocrx_word' id='word_1_40' title='bbox 830 1161 1087 1245; x_wconf 85' lang='lat' dir='ltr'>Romanorum</span> <span class='ocrx_word' id='word_1_41' title='bbox 1129 1173 1361 1258; x_wconf 88' lang='lat' dir='ltr'>Pontificum,</span> <span class='ocrx_word' id='word_1_42' title='bbox 1402 1174 1454 1248; x_wconf 93' lang='lat' dir='ltr'>ait</span> <span class='ocrx_word' id='word_1_43' title='bbox 1568 1241 1571 1247; x_wconf 89' lang='lat'><em>.</em></span> <span class='ocrx_word' id='word_1_44' title='bbox 1673 1200 1677 1207; x_wconf 53' lang='lat'>&#39;</span> 
     </span>
    </p>
   </div>
   <div class='ocr_carea' id='block_1_4' title="bbox 76 1279 1541 4442">
    <p class='ocr_par' dir='ltr' id='par_1_4' title="bbox 192 1279 1520 1386">
     <span class='ocr_line' id='line_1_7' title="bbox 192 1279 1520 1386; baseline 0 -24"><span class='ocrx_word' id='word_1_45' title='bbox 192 1289 280 1363; x_wconf 90' lang='lat' dir='ltr'>Pius</span> <span class='ocrx_word' id='word_1_46' title='bbox 303 1289 372 1374; x_wconf 91' lang='lat' dir='ltr'>lX,</span> <span class='ocrx_word' id='word_1_47' title='bbox 393 1288 479 1363; x_wconf 90' lang='lat' dir='ltr'>licet</span> <span class='ocrx_word' id='word_1_48' title='bbox 502 1305 634 1385; x_wconf 92' lang='lat' dir='ltr'>suapte</span> <span class='ocrx_word' id='word_1_49' title='bbox 655 1306 786 1362; x_wconf 87' lang='lat' dir='ltr'>natura</span> <span class='ocrx_word' id='word_1_50' title='bbox 814 1279 892 1362; x_wconf 91' lang='lat' dir='ltr'>rem</span> <span class='ocrx_word' id='word_1_51' title='bbox 926 1288 1169 1385; x_wconf 85' lang='lat' dir='ltr'>temporalem</span> <span class='ocrx_word' id='word_1_52' title='bbox 1197 1291 1328 1385; x_wconf 86' lang='lat' dir='ltr'>sapia-t,</span> <span class='ocrx_word' id='word_1_53' title='bbox 1349 1289 1453 1386; x_wconf 92' lang='lat' dir='ltr'>spiri·</span> <span class='ocrx_word' id='word_1_54' title='bbox 1518 1324 1520 1327; x_wconf 93' lang='lat'>·</span> 
     </span>
    </p>

    <p class='ocr_par' dir='ltr' id='par_1_5' title="bbox 76 1403 1454 1740">
     <span class='ocr_line' id='line_1_8' title="bbox 99 1403 1454 1504; baseline -0.001 -23"><span class='ocrx_word' id='word_1_55' title='bbox 99 1415 105 1424; x_wconf 85' lang='grc'><strong>’</strong></span> <span class='ocrx_word' id='word_1_56' title='bbox 190 1405 327 1481; x_wconf 90' lang='lat' dir='ltr'>tualem</span> <span class='ocrx_word' id='word_1_57' title='bbox 355 1425 479 1480; x_wconf 90' lang='lat' dir='ltr'>tamen</span> <span class='ocrx_word' id='word_1_58' title='bbox 500 1406 620 1480; x_wconf 91' lang='lat' dir='ltr'>induit</span> <span class='ocrx_word' id='word_1_59' title='bbox 644 1403 816 1492; x_wconf 89' lang='lat' dir='ltr'>indolem,</span> <span class='ocrx_word' id='word_1_60' title='bbox 839 1406 875 1479; x_wconf 92' lang='lat' dir='ltr'>vi</span> <span class='ocrx_word' id='word_1_61' title='bbox 908 1432 1033 1493; x_wconf 85' lang='lat' dir='ltr'>sactae,</span> <span class='ocrx_word' id='word_1_62' title='bbox 1062 1432 1174 1504; x_wconf 91' lang='lat' dir='ltr'>quam</span> <span class='ocrx_word' id='word_1_63' title='bbox 1194 1405 1319 1492; x_wconf 90' lang='lat' dir='ltr'>habet,</span> <span class='ocrx_word' id='word_1_64' title='bbox 1341 1406 1454 1482; x_wconf 92' lang='lat' dir='ltr'>desti·</span> 
     </span>
     <span class='ocr_line' id='line_1_9' title="bbox 76 1505 1454 1622; baseline 0.001 -25"><span class='ocrx_word' id='word_1_65' title='bbox 76 1538 80 1544; x_wconf 85' lang='grc'><strong>’</strong></span> <span class='ocrx_word' id='word_1_66' title='bbox 130 1505 134 1510; x_wconf 40' lang='grc'><strong><em>’</em></strong></span> <span class='ocrx_word' id='word_1_67' title='bbox 192 1522 363 1609; x_wconf 90' lang='lat' dir='ltr'>nationis,</span> <span class='ocrx_word' id='word_1_68' title='bbox 383 1542 421 1597; x_wconf 89' lang='lat' dir='ltr'>et</span> <span class='ocrx_word' id='word_1_69' title='bbox 452 1523 649 1598; x_wconf 89' lang='lat' dir='ltr'>arctissimi</span> <span class='ocrx_word' id='word_1_70' title='bbox 681 1522 774 1597; x_wconf 90' lang='lat' dir='ltr'>illius</span> <span class='ocrx_word' id='word_1_71' title='bbox 807 1523 955 1610; x_wconf 88' lang='lat' dir='ltr'>vinculi,</span> <span class='ocrx_word' id='word_1_72' title='bbox 979 1551 1055 1622; x_wconf 90' lang='lat' dir='ltr'>quo</span> <span class='ocrx_word' id='word_1_73' title='bbox 1091 1549 1174 1598; x_wconf 91' lang='lat' dir='ltr'>cum</span> <span class='ocrx_word' id='word_1_74' title='bbox 1203 1520 1380 1608; x_wconf 88' lang='lat' dir='ltr'>maximis</span> <span class='ocrx_word' id='word_1_75' title='bbox 1401 1524 1454 1599; x_wconf 93' lang='lat' dir='ltr'>rei</span> 
     </span>
     <span class='ocr_line' id='line_1_10' title="bbox 192 1639 1379 1740; baseline 0.001 -26"><span class='ocrx_word' id='word_1_76' title='bbox 192 1640 404 1715; x_wconf 83' lang='lat' dir='ltr'>christianae</span> <span class='ocrx_word' id='word_1_77' title='bbox 422 1642 628 1715; x_wconf 88' lang='lat' dir='ltr'>rationibus</span> <span class='ocrx_word' id='word_1_78' title='bbox 647 1641 887 1740; x_wconf 88' lang='lat' dir='ltr'>conjungitur</span> <span class='ocrx_word' id='word_1_79' title='bbox 908 1639 961 1740; x_wconf 86' lang='lat'>(¹).</span> <span class='ocrx_word' id='word_1_80' title='bbox 980 1642 999 1668; x_wconf 82' lang='lat'>’¹</span> <span class='ocrx_word' id='word_1_81' title='bbox 1377 1658 1379 1661; x_wconf 80' lang='grc'>’</span> 
     </span>
    </p>

    <p class='ocr_par' dir='ltr' id='par_1_6' title="bbox 136 1758 1519 3397">
     <span class='ocr_line' id='line_1_11' title="bbox 245 1758 1450 1858; baseline 0.002 -26"><span class='ocrx_word' id='word_1_82' title='bbox 245 1769 266 1798; x_wconf 84' lang='grc'>“</span> <span class='ocrx_word' id='word_1_83' title='bbox 289 1759 332 1832; x_wconf 95' lang='lat' dir='ltr'>ln</span> <span class='ocrx_word' id='word_1_84' title='bbox 350 1778 439 1856; x_wconf 68' lang='lat' dir='ltr'>&#39;quo</span> <span class='ocrx_word' id='word_1_85' title='bbox 468 1759 620 1856; x_wconf 92' lang='lat' dir='ltr'>quidem</span> <span class='ocrx_word' id='word_1_86' title='bbox 648 1759 871 1856; x_wconf 85' lang='lat' dir='ltr'>Principatu‚</span> <span class='ocrx_word' id='word_1_87' title='bbox 892 1758 1022 1858; x_wconf 89' lang='lat' dir='ltr'>inquit</span> <span class='ocrx_word' id='word_1_88' title='bbox 1054 1760 1186 1835; x_wconf 92' lang='lat' dir='ltr'>merito</span> <span class='ocrx_word' id='word_1_89' title='bbox 1219 1760 1300 1835; x_wconf 92' lang='lat' dir='ltr'>Leo</span> <span class='ocrx_word' id='word_1_90' title='bbox 1329 1760 1450 1848; x_wconf 93' lang='lat' dir='ltr'>Xlll,</span> 
     </span>
     <span class='ocr_line' id='line_1_12' title="bbox 193 1875 1457 1977; baseline 0.004 -28"><span class='ocrx_word' id='word_1_91' title='bbox 193 1895 342 1975; x_wconf 90' lang='lat' dir='ltr'>praeter</span> <span class='ocrx_word' id='word_1_92' title='bbox 360 1875 554 1976; x_wconf 86' lang='lat' dir='ltr'>legitimas</span> <span class='ocrx_word' id='word_1_93' title='bbox 566 1903 717 1951; x_wconf 85' lang='lat' dir='ltr'>caussas</span> <span class='ocrx_word' id='word_1_94' title='bbox 733 1877 934 1976; x_wconf 89' lang='lat' dir='ltr'>titulosque</span> <span class='ocrx_word' id='word_1_95' title='bbox 961 1879 1136 1977; x_wconf 86' lang='lat' dir='ltr'>egregios</span> <span class='ocrx_word' id='word_1_96' title='bbox 1156 1897 1194 1954; x_wconf 90' lang='lat' dir='ltr'>et</span> <span class='ocrx_word' id='word_1_97' title='bbox 1212 1879 1340 1953; x_wconf 91' lang='lat' dir='ltr'>varios</span> <span class='ocrx_word' id='word_1_98' title='bbox 1359 1880 1457 1954; x_wconf 87' lang='lat' dir='ltr'>inest</span> 
     </span>
     <span class='ocr_line' id='line_1_13' title="bbox 163 1986 1454 2094; baseline 0.002 -24"><span class='ocrx_word' id='word_1_99' title='bbox 163 2052 165 2054; x_wconf 88' lang='lat'>-</span> <span class='ocrx_word' id='word_1_100' title='bbox 191 1994 399 2070; x_wconf 80' lang='lat' dir='ltr'>similitudo</span> <span class='ocrx_word' id='word_1_101' title='bbox 415 1994 592 2092; x_wconf 79' lang='lat' dir='ltr'>etforma</span> <span class='ocrx_word' id='word_1_102' title='bbox 609 1995 789 2093; x_wconf 82' lang='lat' dir='ltr'>quaedam</span> <span class='ocrx_word' id='word_1_103' title='bbox 806 2022 923 2082; x_wconf 80' lang='lat' dir='ltr'>sacra,</span> <span class='ocrx_word' id='word_1_104' title='bbox 941 1995 1011 2070; x_wconf 91' lang='lat' dir='ltr'>sibi</span> <span class='ocrx_word' id='word_1_105' title='bbox 1031 1997 1188 2094; x_wconf 86' lang='lat' dir='ltr'>propria,</span> <span class='ocrx_word' id='word_1_106' title='bbox 1197 1986 1266 2072; x_wconf 83' lang='lat' dir='ltr'>nec</span> <span class='ocrx_word' id='word_1_107' title='bbox 1280 2022 1364 2071; x_wconf 90' lang='lat' dir='ltr'>cum</span> <span class='ocrx_word' id='word_1_108' title='bbox 1380 1995 1454 2072; x_wconf 90' lang='lat' dir='ltr'>ulla</span> 
     </span>
     <span class='ocr_line' id='line_1_14' title="bbox 194 2113 1453 2211; baseline 0.002 -25"><span class='ocrx_word' id='word_1_109' title='bbox 194 2113 382 2210; x_wconf 89' lang='lat' dir='ltr'>republica</span> <span class='ocrx_word' id='word_1_110' title='bbox 414 2113 634 2201; x_wconf 89' lang='lat' dir='ltr'>communis,</span> <span class='ocrx_word' id='word_1_111' title='bbox 666 2131 865 2210; x_wconf 88' lang='lat' dir='ltr'>propterea</span> <span class='ocrx_word' id='word_1_112' title='bbox 882 2114 984 2211; x_wconf 93' lang='lat' dir='ltr'>quod</span> <span class='ocrx_word' id='word_1_113' title='bbox 1016 2140 1185 2188; x_wconf 90' lang='lat' dir='ltr'>securam</span> <span class='ocrx_word' id='word_1_114' title='bbox 1215 2132 1253 2189; x_wconf 89' lang='lat' dir='ltr'>et</span> <span class='ocrx_word' id='word_1_115' title='bbox 1281 2113 1453 2189; x_wconf 89' lang='lat' dir='ltr'>stabilem</span> 
     </span>
     <span class='ocr_line' id='line_1_15' title="bbox 136 2227 1457 2332; baseline 0.002 -29"><span class='ocrx_word' id='word_1_116' title='bbox 136 2241 138 2244; x_wconf 82' lang='grc'><strong>’</strong></span> <span class='ocrx_word' id='word_1_117' title='bbox 194 2231 361 2305; x_wconf 89' lang='lat' dir='ltr'>continet</span> <span class='ocrx_word' id='word_1_118' title='bbox 377 2232 624 2328; x_wconf 87' lang='lat' dir='ltr'>Apostolicae</span> <span class='ocrx_word' id='word_1_119' title='bbox 638 2230 749 2305; x_wconf 87' lang='lat' dir='ltr'>Sedis</span> <span class='ocrx_word' id='word_1_120' title='bbox 765 2231 801 2304; x_wconf 93' lang='lat' dir='ltr'>in</span> <span class='ocrx_word' id='word_1_121' title='bbox 817 2232 1029 2306; x_wconf 90' lang='lat' dir='ltr'>exercendo</span> <span class='ocrx_word' id='word_1_122' title='bbox 1042 2250 1203 2332; x_wconf 88' lang='lat' dir='ltr'>augusto</span> <span class='ocrx_word' id='word_1_123' title='bbox 1218 2227 1457 2331; x_wconf 88' lang='lat' dir='ltr'>maximoque</span> 
     </span>
     <span class='ocr_line' id='line_1_16' title="bbox 195 2333 1519 2450; baseline 0.002 -27"><span class='ocrx_word' id='word_1_124' title='bbox 195 2371 348 2425; x_wconf 86' lang='lat' dir='ltr'>munere</span> <span class='ocrx_word' id='word_1_125' title='bbox 367 2349 578 2425; x_wconf 89' lang='lat' dir='ltr'>libertatem</span> <span class='ocrx_word' id='word_1_126' title='bbox 599 2349 654 2450; x_wconf 78' lang='lat'>(²)</span> <span class='ocrx_word' id='word_1_127' title='bbox 677 2351 693 2378; x_wconf 89' lang='lat'><strong>”</strong></span> <span class='ocrx_word' id='word_1_128' title='bbox 906 2333 910 2342; x_wconf 40' lang='lat'><em>¹</em></span> <span class='ocrx_word' id='word_1_129' title='bbox 1513 2342 1519 2356; x_wconf 33' lang='lat'>&#39;⁵</span> 
     </span>
     <span class='ocr_line' id='line_1_17' title="bbox 194 2465 1453 2567; baseline 0.002 -27"><span class='ocrx_word' id='word_1_130' title='bbox 194 2465 199 2481; x_wconf 72' lang='lat'>¹</span> <span class='ocrx_word' id='word_1_131' title='bbox 249 2467 350 2542; x_wconf 90' lang='lat' dir='ltr'>Hinc</span> <span class='ocrx_word' id='word_1_132' title='bbox 370 2487 554 2566; x_wconf 87' lang='lat' dir='ltr'>praeterea</span> <span class='ocrx_word' id='word_1_133' title='bbox 568 2469 684 2543; x_wconf 89' lang='lat' dir='ltr'>oritur</span> <span class='ocrx_word' id='word_1_134' title='bbox 703 2485 740 2544; x_wconf 93' lang='lat' dir='ltr'>et</span> <span class='ocrx_word' id='word_1_135' title='bbox 759 2468 1000 2567; x_wconf 89' lang='lat' dir='ltr'>consequitur</span> <span class='ocrx_word' id='word_1_136' title='bbox 1027 2468 1107 2544; x_wconf 85' lang='lat' dir='ltr'>haec</span> <span class='ocrx_word' id='word_1_137' title='bbox 1126 2494 1224 2544; x_wconf 94' lang='lat' dir='ltr'>nova</span> <span class='ocrx_word' id='word_1_138' title='bbox 1243 2467 1453 2546; x_wconf 81' lang='lat' dir='ltr'>differentia</span> 
     </span>
     <span class='ocr_line' id='line_1_18' title="bbox 195 2585 1482 2685; baseline 0.003 -27"><span class='ocrx_word' id='word_1_139' title='bbox 195 2611 278 2659; x_wconf 90' lang='lat' dir='ltr'>cum</span> <span class='ocrx_word' id='word_1_140' title='bbox 298 2587 432 2660; x_wconf 90' lang='lat' dir='ltr'>ceteris</span> <span class='ocrx_word' id='word_1_141' title='bbox 452 2586 622 2661; x_wconf 90' lang='lat' dir='ltr'>civilibus</span> <span class='ocrx_word' id='word_1_142' title='bbox 643 2585 926 2682; x_wconf 89' lang='lat' dir='ltr'>Principatibus,</span> <span class='ocrx_word' id='word_1_143' title='bbox 943 2604 1045 2660; x_wconf 92' lang='lat' dir='ltr'>—ut</span> <span class='ocrx_word' id='word_1_144' title='bbox 1064 2586 1185 2660; x_wconf 94' lang='lat' dir='ltr'>nullus</span> <span class='ocrx_word' id='word_1_145' title='bbox 1204 2588 1251 2662; x_wconf 92' lang='lat' dir='ltr'>sit</span> <span class='ocrx_word' id='word_1_146' title='bbox 1270 2588 1334 2685; x_wconf 94' lang='lat' dir='ltr'>qui</span> <span class='ocrx_word' id='word_1_147' title='bbox 1354 2588 1451 2662; x_wconf 90' lang='lat' dir='ltr'>adeo</span> <span class='ocrx_word' id='word_1_148' title='bbox 1479 2619 1482 2626; x_wconf 66' lang='grc'>’</span> 
     </span>
     <span class='ocr_line' id='line_1_19' title="bbox 195 2702 1452 2802; baseline 0.003 -26"><span class='ocrx_word' id='word_1_149' title='bbox 195 2729 217 2776; x_wconf 90' lang='lat' dir='ltr'>a</span> <span class='ocrx_word' id='word_1_150' title='bbox 235 2703 468 2802; x_wconf 90' lang='lat' dir='ltr'>Principibus</span> <span class='ocrx_word' id='word_1_151' title='bbox 483 2705 722 2778; x_wconf 85' lang='lat' dir='ltr'>tenebratum</span> <span class='ocrx_word' id='word_1_152' title='bbox 737 2729 941 2801; x_wconf 91' lang='lat' dir='ltr'>eorumque</span> <span class='ocrx_word' id='word_1_153' title='bbox 956 2702 1117 2790; x_wconf 90' lang='lat' dir='ltr'>asseclis,</span> <span class='ocrx_word' id='word_1_154' title='bbox 1140 2706 1384 2793; x_wconf 77' lang='lat' dir='ltr'>massonibuS,</span> <span class='ocrx_word' id='word_1_155' title='bbox 1404 2706 1452 2780; x_wconf 92' lang='lat' dir='ltr'>sit</span> 
     </span>
     <span class='ocr_line' id='line_1_20' title="bbox 196 2821 1451 2921; baseline 0.002 -26"><span class='ocrx_word' id='word_1_156' title='bbox 196 2821 388 2919; x_wconf 92' lang='lat' dir='ltr'>impetitus</span> <span class='ocrx_word' id='word_1_157' title='bbox 405 2848 447 2896; x_wconf 91' lang='lat' dir='ltr'>ac</span> <span class='ocrx_word' id='word_1_158' title='bbox 463 2822 582 2915; x_wconf 72' lang='lat' dir='ltr'>civilis</span> <span class='ocrx_word' id='word_1_159' title='bbox 600 2822 832 2920; x_wconf 90' lang='lat' dir='ltr'>Principatus</span> <span class='ocrx_word' id='word_1_160' title='bbox 855 2823 1055 2896; x_wconf 85' lang='lat' dir='ltr'>Pontificis.</span> <span class='ocrx_word' id='word_1_161' title='bbox 1067 2833 1088 2861; x_wconf 88' lang='lat'>“</span> <span class='ocrx_word' id='word_1_162' title='bbox 1102 2822 1253 2920; x_wconf 86' lang='lat' dir='ltr'>Quippe</span> <span class='ocrx_word' id='word_1_163' title='bbox 1273 2848 1384 2921; x_wconf 92' lang='lat' dir='ltr'>porro</span> <span class='ocrx_word' id='word_1_164' title='bbox 1403 2824 1451 2897; x_wconf 91' lang='lat' dir='ltr'>ad</span> 
     </span>
     <span class='ocr_line' id='line_1_21' title="bbox 141 2941 1451 3040; baseline 0.006 -31"><span class='ocrx_word' id='word_1_165' title='bbox 141 3004 144 3009; x_wconf 17' lang='lat' dir='ltr'><em>A</em></span> <span class='ocrx_word' id='word_1_166' title='bbox 199 2941 378 3018; x_wconf 82' lang='lat' dir='ltr'>Ecclesiae</span> <span class='ocrx_word' id='word_1_167' title='bbox 397 2944 537 3017; x_wconf 90' lang='lat' dir='ltr'>bonum</span> <span class='ocrx_word' id='word_1_168' title='bbox 556 2962 594 3018; x_wconf 91' lang='lat' dir='ltr'>et</span> <span class='ocrx_word' id='word_1_169' title='bbox 613 2942 810 3018; x_wconf 88' lang='lat' dir='ltr'>utilitatem</span> <span class='ocrx_word' id='word_1_170' title='bbox 840 2943 1012 3040; x_wconf 92' lang='lat' dir='ltr'>respiciat</span> <span class='ocrx_word' id='word_1_171' title='bbox 1032 2943 1092 3017; x_wconf 92' lang='lat' dir='ltr'>ille</span> <span class='ocrx_word' id='word_1_172' title='bbox 1119 2944 1361 3040; x_wconf 88' lang='lat' dir='ltr'>Principatus,</span> <span class='ocrx_word' id='word_1_173' title='bbox 1385 2943 1451 3017; x_wconf 93' lang='lat' dir='ltr'>mi·</span> 
     </span>
     <span class='ocr_line' id='line_1_22' title="bbox 196 3060 1453 3160; baseline 0.003 -28"><span class='ocrx_word' id='word_1_174' title='bbox 196 3073 364 3142; x_wconf 89' lang='lat' dir='ltr'>rum&#39;non</span> <span class='ocrx_word' id='word_1_175' title='bbox 383 3061 560 3159; x_wconf 87' lang='lat' dir='ltr'>estquod</span> <span class='ocrx_word' id='word_1_176' title='bbox 581 3060 763 3136; x_wconf 83' lang='lat' dir='ltr'>Ecclesiae</span> <span class='ocrx_word' id='word_1_177' title='bbox 782 3061 896 3158; x_wconf 90' lang='lat' dir='ltr'>ipsius</span> <span class='ocrx_word' id='word_1_178' title='bbox 916 3061 1043 3135; x_wconf 90' lang='lat' dir='ltr'>hostes</span> <span class='ocrx_word' id='word_1_179' title='bbox 1059 3087 1229 3160; x_wconf 76' lang='lat' dir='ltr'>persaepe</span> <span class='ocrx_word' id='word_1_180' title='bbox 1248 3060 1349 3136; x_wconf 91' lang='lat' dir='ltr'>illum</span> <span class='ocrx_word' id='word_1_181' title='bbox 1365 3088 1453 3136; x_wconf 93' lang='lat' dir='ltr'>con·</span> 
     </span>
     <span class='ocr_line' id='line_1_23' title="bbox 196 3177 1450 3277; baseline 0.004 -27"><span class='ocrx_word' id='word_1_182' title='bbox 196 3177 334 3254; x_wconf 89' lang='lat' dir='ltr'>vellere</span> <span class='ocrx_word' id='word_1_183' title='bbox 369 3196 407 3254; x_wconf 90' lang='lat' dir='ltr'>et</span> <span class='ocrx_word' id='word_1_184' title='bbox 443 3178 677 3262; x_wconf 88' lang='lat' dir='ltr'>labefactare,</span> <span class='ocrx_word' id='word_1_185' title='bbox 712 3178 903 3277; x_wconf 91' lang='lat' dir='ltr'>multiplici</span> <span class='ocrx_word' id='word_1_186' title='bbox 936 3178 1152 3253; x_wconf 89' lang='lat' dir='ltr'>insidiarum</span> <span class='ocrx_word' id='word_1_187' title='bbox 1184 3199 1222 3254; x_wconf 93' lang='lat' dir='ltr'>et</span> <span class='ocrx_word' id='word_1_188' title='bbox 1251 3200 1450 3255; x_wconf 89' lang='lat' dir='ltr'>conatuum</span> 
     </span>
     <span class='ocr_line' id='line_1_24' title="bbox 195 3295 743 3397; baseline 0.002 -26"><span class='ocrx_word' id='word_1_189' title='bbox 195 3320 345 3394; x_wconf 86' lang='lat' dir='ltr'>genere,</span> <span class='ocrx_word' id='word_1_190' title='bbox 367 3297 628 3372; x_wconf 88' lang='lat' dir='ltr'>contenderint</span> <span class='ocrx_word' id='word_1_191' title='bbox 648 3295 702 3397; x_wconf 85' lang='lat'><strong>(³).</strong></span> <span class='ocrx_word' id='word_1_192' title='bbox 726 3296 743 3325; x_wconf 92' lang='lat'>&#39;’</span> 
     </span>
    </p>

    <p class='ocr_par' dir='ltr' id='par_1_7' title="bbox 136 3416 1541 4084">
     <span class='ocr_line' id='line_1_25' title="bbox 249 3416 1454 3515; baseline 0.004 -28"><span class='ocrx_word' id='word_1_193' title='bbox 249 3428 297 3490; x_wconf 90' lang='lat' dir='ltr'>ll.</span> <span class='ocrx_word' id='word_1_194' title='bbox 323 3416 556 3515; x_wconf 90' lang='lat' dir='ltr'>Principatus</span> <span class='ocrx_word' id='word_1_195' title='bbox 576 3416 635 3491; x_wconf 91' lang='lat' dir='ltr'>ille</span> <span class='ocrx_word' id='word_1_196' title='bbox 654 3417 1041 3492; x_wconf 90' lang='lat' dir='ltr'>ecclesiastico-civilis</span> <span class='ocrx_word' id='word_1_197' title='bbox 1065 3417 1245 3514; x_wconf 90' lang='lat' dir='ltr'>imprimis</span> <span class='ocrx_word' id='word_1_198' title='bbox 1273 3420 1454 3493; x_wconf 90' lang='lat' dir='ltr'>nostrisce</span> 
     </span>
     <span class='ocr_line' id='line_1_26' title="bbox 195 3533 1451 3636; baseline 0.003 -29"><span class='ocrx_word' id='word_1_199' title='bbox 195 3533 428 3632; x_wconf 85' lang='lat' dir='ltr'>temporibus</span> <span class='ocrx_word' id='word_1_200' title='bbox 440 3533 611 3609; x_wconf 90' lang='lat' dir='ltr'>absolute</span> <span class='ocrx_word' id='word_1_201' title='bbox 625 3536 802 3609; x_wconf 91' lang='lat' dir='ltr'>convenit</span> <span class='ocrx_word' id='word_1_202' title='bbox 814 3560 971 3608; x_wconf 85' lang='lat' dir='ltr'>summae</span> <span class='ocrx_word' id='word_1_203' title='bbox 987 3535 1173 3634; x_wconf 88' lang='lat' dir='ltr'>majestati</span> <span class='ocrx_word' id='word_1_204' title='bbox 1182 3533 1317 3609; x_wconf 90' lang='lat' dir='ltr'>Vicarii</span> <span class='ocrx_word' id='word_1_205' title='bbox 1334 3536 1451 3636; x_wconf 86' lang='lat' dir='ltr'>Regis</span> 
     </span>
     <span class='ocr_line' id='line_1_27' title="bbox 195 3652 1454 3759; baseline 0.002 -33"><span class='ocrx_word' id='word_1_206' title='bbox 195 3653 345 3738; x_wconf 87' lang='lat' dir='ltr'>aeterni;</span> <span class='ocrx_word' id='word_1_207' title='bbox 364 3652 472 3727; x_wconf 90' lang='lat' dir='ltr'>decet</span> <span class='ocrx_word' id='word_1_208' title='bbox 495 3652 634 3748; x_wconf 91' lang='lat' dir='ltr'>Papam</span> <span class='ocrx_word' id='word_1_209' title='bbox 655 3677 823 3752; x_wconf 85' lang='lat' dir='ltr'>regnare,</span> <span class='ocrx_word' id='word_1_210' title='bbox 842 3655 988 3751; x_wconf 86' lang='lat' dir='ltr'>Regem</span> <span class='ocrx_word' id='word_1_211' title='bbox 1004 3678 1097 3739; x_wconf 90' lang='lat' dir='ltr'>esse,</span> <span class='ocrx_word' id='word_1_212' title='bbox 1115 3653 1289 3751; x_wconf 89' lang='lat' dir='ltr'>equidem</span> <span class='ocrx_word' id='word_1_213' title='bbox 1308 3656 1454 3759; x_wconf 70' lang='lat' dir='ltr'>Regem</span> 
     </span>
     <span class='ocr_line' id='line_1_28' title="bbox 136 3771 1541 3875; baseline 0.004 -32"><span class='ocrx_word' id='word_1_214' title='bbox 136 3778 141 3793; x_wconf 87' lang='lat'>&#39;</span> <span class='ocrx_word' id='word_1_215' title='bbox 199 3771 340 3858; x_wconf 84' lang='lat' dir='ltr'>Romae,</span> <span class='ocrx_word' id='word_1_216' title='bbox 358 3771 475 3846; x_wconf 93' lang='lat' dir='ltr'>Urbis</span> <span class='ocrx_word' id='word_1_217' title='bbox 490 3771 585 3846; x_wconf 92' lang='lat' dir='ltr'>illius</span> <span class='ocrx_word' id='word_1_218' title='bbox 604 3773 734 3858; x_wconf 82' lang='lat' dir='ltr'>unicae,</span> <span class='ocrx_word' id='word_1_219' title='bbox 749 3799 834 3871; x_wconf 82' lang='lat' dir='ltr'>quae</span> <span class='ocrx_word' id='word_1_220' title='bbox 852 3771 1092 3870; x_wconf 85' lang='lat' dir='ltr'>singulariter</span> <span class='ocrx_word' id='word_1_221' title='bbox 1108 3773 1375 3869; x_wconf 87' lang='lat' dir='ltr'>praedestinata</span> <span class='ocrx_word' id='word_1_222' title='bbox 1398 3792 1455 3848; x_wconf 90' lang='lat' dir='ltr'>est</span> <span class='ocrx_word' id='word_1_223' title='bbox 1539 3872 1541 3875; x_wconf 15' lang='grc' dir='ltr'>Ι</span> 
     </span>
     <span class='ocr_line' id='line_1_29' title="bbox 195 3890 1454 3989; baseline 0.003 -26"><span class='ocrx_word' id='word_1_224' title='bbox 195 3908 234 3963; x_wconf 93' lang='lat' dir='ltr'>et</span> <span class='ocrx_word' id='word_1_225' title='bbox 252 3890 482 3965; x_wconf 86' lang='lat' dir='ltr'>sanctificata</span> <span class='ocrx_word' id='word_1_226' title='bbox 499 3909 540 3965; x_wconf 90' lang='lat' dir='ltr'>ut</span> <span class='ocrx_word' id='word_1_227' title='bbox 558 3891 681 3966; x_wconf 87' lang='lat' dir='ltr'>Sedes</span> <span class='ocrx_word' id='word_1_228' title='bbox 698 3893 746 3966; x_wconf 92' lang='lat' dir='ltr'>sit</span> <span class='ocrx_word' id='word_1_229' title='bbox 766 3892 929 3989; x_wconf 90' lang='lat' dir='ltr'>supremi</span> <span class='ocrx_word' id='word_1_230' title='bbox 963 3892 1204 3967; x_wconf 86' lang='lat' dir='ltr'>Pontificatus</span> <span class='ocrx_word' id='word_1_231' title='bbox 1224 3912 1261 3967; x_wconf 93' lang='lat' dir='ltr'>et</span> <span class='ocrx_word' id='word_1_232' title='bbox 1286 3914 1454 3969; x_wconf 88' lang='lat' dir='ltr'>centrum</span> 
     </span>
     <span class='ocr_line' id='line_1_30' title="bbox 197 4006 584 4084; baseline 0 -2"><span class='ocrx_word' id='word_1_233' title='bbox 197 4006 312 4082; x_wconf 88' lang='lat' dir='ltr'>Orbis</span> <span class='ocrx_word' id='word_1_234' title='bbox 330 4009 508 4084; x_wconf 90' lang='lat' dir='ltr'>universi.</span> <span class='ocrx_word' id='word_1_235' title='bbox 581 4069 584 4075; x_wconf 91' lang='lat'><em>.</em></span> 
     </span>
    </p>

    <p class='ocr_par' dir='ltr' id='par_1_8' title="bbox 193 4117 1456 4442">
     <span class='ocr_line' id='line_1_31' title="bbox 250 4117 1456 4226; baseline 0.001 -26"><span class='ocrx_word' id='word_1_236' title='bbox 250 4126 403 4200; x_wconf 90' lang='lat' dir='ltr'>Etenim</span> <span class='ocrx_word' id='word_1_237' title='bbox 421 4127 685 4226; x_wconf 88' lang='lat' dir='ltr'>gravissimum</span> <span class='ocrx_word' id='word_1_238' title='bbox 705 4128 815 4226; x_wconf 88' lang='lat' dir='ltr'>hujus</span> <span class='ocrx_word' id='word_1_239' title='bbox 836 4147 973 4202; x_wconf 88' lang='lat' dir='ltr'>nostrae</span> <span class='ocrx_word' id='word_1_240' title='bbox 992 4129 1112 4202; x_wconf 89' lang='lat' dir='ltr'>aetatis</span> <span class='ocrx_word' id='word_1_241' title='bbox 1132 4127 1270 4203; x_wconf 89' lang='lat' dir='ltr'>malum</span> <span class='ocrx_word' id='word_1_242' title='bbox 1289 4117 1398 4202; x_wconf 91' lang='lat' dir='ltr'>simul</span> <span class='ocrx_word' id='word_1_243' title='bbox 1419 4138 1456 4203; x_wconf 88' lang='lat' dir='ltr'>et</span> 
     </span>
     <span class='ocr_line' id='line_1_32' title="bbox 193 4244 1456 4345; baseline 0.002 -26"><span class='ocrx_word' id='word_1_244' title='bbox 193 4244 399 4342; x_wconf 89' lang='lat' dir='ltr'>periculum</span> <span class='ocrx_word' id='word_1_245' title='bbox 429 4246 643 4332; x_wconf 90' lang='lat' dir='ltr'>maximum,</span> <span class='ocrx_word' id='word_1_246' title='bbox 676 4265 752 4320; x_wconf 92' lang='lat' dir='ltr'>tam</span> <span class='ocrx_word' id='word_1_247' title='bbox 782 4245 996 4345; x_wconf 85' lang='lat' dir='ltr'>religiosum</span> <span class='ocrx_word' id='word_1_248' title='bbox 1026 4263 1138 4345; x_wconf 90' lang='lat' dir='ltr'>quam</span> <span class='ocrx_word' id='word_1_249' title='bbox 1170 4247 1317 4336; x_wconf 89' lang='lat' dir='ltr'>sociale,</span> <span class='ocrx_word' id='word_1_250' title='bbox 1349 4246 1456 4322; x_wconf 91' lang='lat' dir='ltr'>adest</span> 
     </span>
     <span class='ocr_line' id='line_1_33' title="bbox 196 4365 440 4442; baseline 0.008 -2"><span class='ocrx_word' id='word_1_251' title='bbox 196 4365 440 4442; x_wconf 90' lang='lat' dir='ltr'>socialismus.</span> 
     </span>
    </p>
   </div>
   <div class='ocr_carea' id='block_1_5' title="bbox 232 4517 629 4744">
    <p class='ocr_par' dir='ltr' id='par_1_9' title="bbox 232 4517 629 4744">
     <span class='ocr_line' id='line_1_34' title="bbox 236 4517 629 4586; baseline 0.005 -17"><span class='ocrx_word' id='word_1_252' title='bbox 236 4531 256 4569; x_wconf 92' lang='lat'>1.</span> <span class='ocrx_word' id='word_1_253' title='bbox 273 4517 389 4586; x_wconf 86' lang='lat' dir='ltr'>Encycl.</span> <span class='ocrx_word' id='word_1_254' title='bbox 403 4518 436 4571; x_wconf 86' lang='lat'>26</span> <span class='ocrx_word' id='word_1_255' title='bbox 452 4518 535 4572; x_wconf 88' lang='lat' dir='ltr'>Mart.</span> <span class='ocrx_word' id='word_1_256' title='bbox 546 4517 629 4580; x_wconf 65' lang='lat'>1860.</span> 
     </span>
     <span class='ocr_line' id='line_1_35' title="bbox 232 4597 608 4672; baseline 0.008 -24"><span class='ocrx_word' id='word_1_257' title='bbox 232 4609 258 4650; x_wconf 85' lang='lat' dir='ltr'>a.</span> <span class='ocrx_word' id='word_1_258' title='bbox 276 4597 365 4650; x_wconf 87' lang='lat' dir='ltr'>Alloc.</span> <span class='ocrx_word' id='word_1_259' title='bbox 381 4611 416 4663; x_wconf 84' lang='lat'>24</span> <span class='ocrx_word' id='word_1_260' title='bbox 430 4597 515 4672; x_wconf 73' lang='lat' dir='ltr'>Mart.</span> <span class='ocrx_word' id='word_1_261' title='bbox 532 4597 608 4663; x_wconf 69' lang='lat'>1884</span> 
     </span>
     <span class='ocr_line' id='line_1_36' title="bbox 234 4675 480 4744; baseline 0.004 -15"><span class='ocrx_word' id='word_1_262' title='bbox 234 4689 258 4744; x_wconf 86' lang='lat'>3.</span> <span class='ocrx_word' id='word_1_263' title='bbox 279 4675 346 4730; x_wconf 85' lang='lat' dir='ltr'>Pius</span> <span class='ocrx_word' id='word_1_264' title='bbox 363 4676 413 4744; x_wconf 82' lang='lat' dir='ltr'>lx,</span> <span class='ocrx_word' id='word_1_265' title='bbox 426 4675 445 4731; x_wconf 89' lang='lat' dir='ltr'>l.</span> <span class='ocrx_word' id='word_1_266' title='bbox 458 4693 480 4731; x_wconf 89' lang='lat' dir='ltr'>c.</span> 
     </span>
    </p>
   </div>
   <div class='ocr_carea' id='block_1_6' title="bbox 230 4793 523 4847">
    <p class='ocr_par' dir='ltr' id='par_1_10' title="bbox 230 4793 523 4847">
     <span class='ocr_line' id='line_1_37' title="bbox 230 4793 523 4847; baseline 0.003 -11"><span class='ocrx_word' id='word_1_267' title='bbox 230 4831 233 4836; x_wconf 95' lang='lat'>.</span> <span class='ocrx_word' id='word_1_268' title='bbox 275 4794 334 4847; x_wconf 74' lang='lat' dir='ltr'>Papa</span> <span class='ocrx_word' id='word_1_269' title='bbox 347 4793 375 4837; x_wconf 82' lang='lat' dir='ltr'>sit</span> <span class='ocrx_word' id='word_1_270' title='bbox 388 4808 425 4837; x_wconf 83' lang='lat' dir='ltr'>rex</span> <span class='ocrx_word' id='word_1_271' title='bbox 439 4795 523 4839; x_wconf 67' lang='lat' dir='ltr'>Roma.</span> 
     </span>
    </p>
   </div>
   <div class='ocr_carea' id='block_1_7' title="bbox 0 0 1761 5482">
    <p class='ocr_par' dir='ltr' id='par_1_11' title="bbox 0 0 1761 5482">
     <span class='ocr_line' id='line_1_38' title="bbox 0 0 1761 5482; baseline 0 0"><span class='ocrx_word' id='word_1_272' title='bbox 0 0 1761 5482; x_wconf 95' lang='lat' dir='ltr'> </span> 
     </span>
    </p>
   </div>
  </div>
 </body>
</html>
