3496 5482
307 523 374 595 188
713 549 805 599 rari
833 549 892 599 sm
920 548 994 598 nux
1024 547 1151 600 noun.

351 702 407 804 (5)
429 716 448 745 “
469 708 606 806 Agitur
623 709 671 783 de
689 710 849 783 vz'olenta
873 710 1078 806 direptione
1095 709 1203 784 illius
1220 711 1476 808 Principatus,
1496 712 1560 809 qui

300 822 477 923 singulari
489 823 627 902 divinae
640 829 888 926 providentiae
902 827 1058 902 consilio
1077 829 1250 902 Romano
1266 829 1436 904 Pontifici
1449 830 1559 904 datus

300 960 367 1028 est,
388 944 434 1016 ad
455 945 714 1042 Apostolicum
735 973 843 1021 suum
863 945 1108 1021 ministerium
1130 946 1165 1019 in
1194 947 1408 1022 universam
1431 946 1560 1021 Eccle-

299 1061 391 1133 siam
411 1062 624 1159 plen'issima
640 1059 813 1145 libertate
833 1064 1084 1140 exercendum
1104 1061 1161 1165 (¹).
1177 1064 1196 1093 ”

350 1177 406 1278 (ὁ)
428 1181 542 1274 “Sed
565 1184 725 1257 Romani
748 1183 990 1258 Pontificatus
1013 1184 1247 1280 oppugnatio
1266 1209 1341 1257 non
1360 1181 1480 1258 solum
1508 1209 1555 1258 eo

298 1316 451 1394 spectat,
472 1319 511 1374 ut
530 1301 609 1376 haec
629 1301 668 1376 S.
690 1301 811 1377 Sedes
830 1319 867 1376 et
889 1303 1084 1376 Romanus
1102 1302 1275 1377 Pontifex
1303 1301 1471 1402 legitimo
1490 1328 1559 1377 suo

298 1415 395 1491 civili
426 1419 638 1518 Principatu
657 1421 812 1495 omnino
834 1419 1011 1518 privatur,
1035 1421 1102 1495 sed
1134 1446 1181 1494 eo
1214 1421 1325 1495 etiam
1359 1420 1488 1507 tendit,
1518 1437 1559 1494 ut

291 1533 511 1624 infirmatur,
532 1556 579 1622 et,
593 1537 624 1612 si
644 1538 722 1614 fieri
738 1564 914 1636 umquam
931 1556 1068 1635 posset,
1086 1537 1195 1636 plane
1208 1537 1358 1613 tollatur
1375 1539 1560 1613 salutaris

296 1654 479 1730 catholico
509 1658 702 1754 religionis
732 1660 855 1732 vz'rtus
871 1688 886 1742 ,·
912 1699 963 1710 -
991 1683 1033 1731 ac
1071 1677 1269 1755 propterea
1305 1658 1450 1754 impetit
1486 1656 1558 1731 Dei

298 1770 412 1868 ipsius
440 1800 545 1873 opus
578 1776 863 1873 Redemptionis
895 1777 1064 1858 fructum,
1094 1794 1132 1851 et
1157 1775 1430 1850 sanctissimam
1460 1773 1558 1848 illam

299 1889 442 1995 Fidem,
464 1919 547 1991 quae
567 1895 836 1991 pretiosissima
855 1913 912 1969 est
932 1894 1133 1969 haereditas
1161 1896 1197 1968 in
1226 1920 1295 1969 nos
1321 1895 1491 1968 derivata
1510 1919 1558 1967 ex

297 2008 471 2084 ineffabili
487 2009 676 2101 sacrificio,
692 2014 793 2110 quod
809 2012 845 2086 in
866 2012 1060 2112 Golgotha
1079 2032 1381 2087 consummatum
1396 2031 1454 2086 est
1467 2008 1522 2111 (²).
1540 2011 1557 2037 ’¹

352 2128 483 2204 Eheu!
520 2148 619 2205 recte
654 2130 918 2206 animadvertit
953 2132 1128 2229 egregius
1160 2130 1368 2216 historicus,
1392 2128 1559 2204 Summis

301 2245 543 2324 Pontificibus
556 2250 748 2324 saec.XlX
763 2247 939 2345 applicari
954 2269 1128 2345 oportere
1143 2249 1259 2324 verba
1273 2247 1411 2322 Dantis
1424 2264 1558 2344 poetae:

301 2376 321 2405 “
344 2365 440 2439 Mihi
461 2369 630 2442 renovari
650 2368 762 2443 video
781 2365 1033 2464 spectaculum
1053 2367 1148 2442 aceti
1167 2387 1205 2442 et
1225 2366 1319 2441 sellis
1337 2365 1392 2464 (³).
1409 2365 1427 2393 ”

350 2499 406 2561 10.
430 2485 519 2560 Νοη
543 2505 601 2560 est
630 2485 890 2561 tantummodo
920 2485 956 2559 in
985 2484 1112 2559 sociali
1147 2511 1268 2560 rerum
1296 2485 1429 2559 ordine
1457 2483 1557 2580 quod

297 2603 489 2700 usurpatio
518 2604 686 2679 Dominii
711 2601 891 2679 Ecclesiae
920 2603 1097 2702 injuriosa
1125 2621 1183 2678 est
1216 2603 1344 2688 ltaliae,
1366 2603 1416 2676 ita
1445 2601 1557 2675 etiam

205 2759 208 2766 ’
297 2746 476 2819 perquam
498 2722 643 2797 funesta
661 2742 719 2798 est
735 2722 768 2797 ei
789 2721 825 2795 in
844 2722 975 2796 ordine
985 2722 1146 2819 polziico.

350 2841 475 2914 Primo
492 2843 593 2939 quod
625 2841 672 2914 ad
708 2840 853 2915 ltaliam
879 2840 996 2937 ipsam
1021 2841 1193 2937 pertinet,
1215 2839 1318 2913 domi
1347 2838 1558 2913 necessario

298 2960 485 3054 portendit
504 2960 727 3034 divisionem
747 2959 915 3033 intimam
935 2959 1030 3031 inter
1052 2958 1197 3032 ltaliam
1218 2956 1327 3042 illam,
1345 2981 1456 3054 quam
1479 2955 1556 3051 offi·

296 3077 426 3150 cialem
445 3097 589 3165 vocant,
611 3096 648 3152 et
669 3102 842 3175 magnam
861 3076 1015 3150 alteram
1033 3075 1208 3149 ltalorum
1222 3095 1378 3172 partem,
1393 3074 1456 3172 qui
1476 3099 1559 3146 vere

296 3195 467 3269 catholici
478 3197 716 3280 sunt.Omnis
730 3215 855 3269 autem
875 3195 1009 3268 divisio
1028 3212 1085 3268 est
1104 3193 1347 3278 imbecillitas,
1368 3212 1406 3267 et
1431 3191 1557 3265 conili·
1594 3220 1595 3227 ¹

297 3331 378 3387 ctus
398 3314 592 3412 religiosus
612 3315 648 3388 in
668 3312 750 3410 ipso
778 3313 938 3388 nationis
970 3299 1051 3385 sinu
1085 3337 1287 3410 numquam
1313 3312 1350 3385 in
1370 3309 1557 3408 publicum

298 3431 438 3505 bonum
456 3433 580 3507 cessit.
622 3503 623 3506 ,

266 3618 268 3622 ,
349 3551 536 3638 Secunde,
564 3551 660 3634 loris,
680 3551 777 3624 idem
801 3547 994 3623 conflictus
1013 3567 1143 3622 contra
1173 3549 1211 3621 S.
1234 3548 1374 3622 Sedem
1411 3545 1556 3620 ltaliam

284 3694 344 3768 ¹eo
362 3669 554 3769 praestigio
572 3668 739 3743 destituit
763 3693 848 3765 qu0‚
870 3667 899 3740 si
921 3691 1049 3764 pacem
1069 3692 1152 3739 cum
1176 3667 1348 3739 Romano
1376 3663 1558 3738 Pontifice

262 3865 264 3871 s
298 3786 463 3875 haberet,
485 3788 691 3883 certissime
711 3787 892 3861 frueretur
908 3814 916 3873 ;
930 3785 1095 3858 animum
1129 3785 1295 3857 omnium
1316 3809 1404 3857 vere
1419 3783 1557 3857 Catho-

299 3907 451 3981 licorum
472 3907 584 3980 totius
602 3906 703 3980 orbis
714 3905 762 3979 ab
777 3930 821 3978 ea
835 3904 971 3977 alienat
989 3928 1092 3990 ;eam
1113 3903 1384 3998 privationibus
1396 3901 1557 3975 subeun-

298 4025 356 4098 dis
374 4026 576 4099 obnoxiam
592 4024 687 4110 lacit,
701 4050 743 4097 ac
756 4025 917 4108 demum,
934 4022 1083 4096 favente
1104 4021 1311 4104 occasione,
1333 4018 1558 4094 adversariis

298 4169 400 4217 arma
413 4144 448 4217 in
469 4144 587 4241 ipsam
606 4140 864 4239 detorquenda
884 4140 1124 4236 suppeditare
1143 4157 1277 4235 potest.

353 4262 507 4361 Ipsimet
530 4261 612 4336 Itali
632 4260 789 4345 honesti,
812 4284 932 4333 rerum
949 4257 1177 4354 publicarum
1192 4256 1310 4354 periti,
1332 4254 1559 4329 confitentur

338 4540 358 4598 ις
372 4542 462 4597 Alloc.
475 4541 509 4595 28
523 4534 599 4610 Sep't.
617 4538 694 4594 1860.

334 4638 358 4677 2.
372 4623 460 4676 Alloc.
480 4621 510 4675 18
525 4621 608 4674 Mart.
626 4619 701 4674 1861.
1136 4644 1138 4650 ,

333 4717 355 4776 3.
373 4703 473 4758 Kraus.
488 4699 563 4753 Hist.
577 4699 611 4753 de
623 4682 725 4768 t’efgt,
740 4697 811 4753 trad
827 4697 930 4766 Godet,
943 4697 996 4751 vol.
1013 4698 1067 4763 ΙΙΙ,
1082 4713 1108 4766 p.
1124 4694 1184 4764 376.
