3496 5482
241 373 426 383 ---
431 372 488 381 μ*-
758 372 1506 389 o——W——ffl

239 418 313 506 416
567 432 686 484 rnnux
714 434 1000 487 acauanarrcus
1029 435 1172 486 annunt.

241 593 309 649 Pius
321 594 378 649 Vll
392 603 492 649 contra
506 593 705 665 Napoleonem
720 594 732 650 l
746 593 891 666 impavide
903 605 998 652 tuetur
1017 595 1212 668 Principatom
1231 594 1346 652 civilem
1361 596 1393 652 S.
1409 594 1506 665 Sedis,

274 694 317 750 47.

241 769 307 825 Pius
320 770 362 824 IX
379 768 578 826 necessitatem
591 769 675 825 docet
689 769 772 841 hujus
785 770 961 842 principatus
970 773 1061 842 4852.
1072 802 1106 813 -
1120 773 1190 844 Ejus
1199 772 1325 841 exilium,
1341 786 1350 827 ι
1357 786 1403 843 54,
1421 786 1432 826 ι
1437 784 1481 843 55.

242 856 359 928 Pipinus
371 873 429 925 rex,
443 857 532 924 7880.

242 945 402 1001 Praedicare
414 955 526 1014 oportet
539 945 645 1016 populo
658 944 859 1003 necessitatem
873 947 1086 1004 instaurationis
1096 949 1176 1020 regni
1189 949 1357 1020 temporalis
1370 949 1466 1022 Papae
1474 958 1506 1007 nt

275 1034 397 1104 quaestio
406 1032 519 1088 socialis
532 1034 665 1102 solvatur,
679 1034 738 1103 361.

242 1118 421 1192 Praescriptin
434 1120 495 1175 dari
508 1120 604 1191 nequit
627 1131 727 1177 contra
736 1122 782 1192 jus
795 1122 1002 1193 providentiale
1017 1125 1104 1194 Papae
1117 1124 1146 1180 in
1160 1126 1272 1181 Statum
1287 1141 1373 1182 suum
1387 1135 1507 1197 tempn-

275 1209 372 1277 ralem,
386 1222 445 1274 247.

244 1296 382 1352 Primatus
397 1296 471 1353 Petri
483 1307 510 1353 et
524 1312 717 1353 successorum
731 1299 792 1369 eius
806 1299 834 1355 in
848 1300 923 1355 Sede
938 1301 1069 1357 Romana
1081 1302 1298 1358 tundamentum
1310 1312 1355 1359 est
1366 1303 1507 1359 immuni·

275 1385 342 1440 tatis
355 1384 528 1441 omnimoda
538 1400 573 1440 ac
585 1396 793 1457 consequenter
809 1387 1040 1458 independentiae
1050 1389 1192 1460 perlectae,
1208 1407 1260 1445 seu
1277 1390 1383 1460 regalis
1400 1392 1507 1447 condi·

276 1472 361 1528 tionis
373 1488 479 1542 eorum,
496 1472 579 1527 18.-
594 1471 734 1528 Primatus
747 1485 790 1529 est
804 1474 943 1531 institutio
955 1475 1061 1546 divina,
1071 1490 1111 1547 25.

243 1559 421 1630 Principatus
430 1560 594 1632 temporalis
608 1559 637 1614 S.
651 1559 735 1615 Sedis
749 1563 927 1618 necessarius
940 1574 983 1620 est
997 1564 1081 1619 saluti
1095 1564 1182 1622 totius
1195 1566 1328 1622 humanae
1341 1565 1505 1623 societatis.

280 1664 318 1706 ι2.
331 1679 366 1688 -
381 1650 465 1703 Hanc
478 1647 678 1703 necessitatem
692 1648 813 1717 probant
827 1650 869 1705 vel
883 1667 988 1720 magna
999 1652 1183 1709 incommoda
1195 1669 1258 1725 quae
1272 1653 1505 1711 destructionem

277 1738 338 1808 ejus
364 1745 430 1791 sunt
442 1735 603 1802 subsecuta,
623 1735 666 1789 66.
682 1766 716 1775 -
735 1736 819 1792 Ratio
840 1738 901 1808 ejus
916 1738 1139 1796 fundamentalis
1161 1751 1204 1796 est
1227 1742 1372 1797 Primatus
1386 1742 1505 1799 Summi

279 1823 432 1892 Pontificis,
448 1837 487 1878 ιι.
502 1852 535 1862 -
547 1821 645 1877 Civilis
654 1822 701 1878 ille
715 1823 894 1896 Principatus
907 1826 1102 1883 characterem
1115 1827 1205 1883 induit
1218 1829 1405 1898 spiritualem,
1423 1844 1504 1897 ¹7·-

279 1913 345 1968 Plus
357 1911 472 1968 coeteris
484 1910 522 1966 ab
535 1910 645 1965 inferno
657 1920 686 1967 et
701 1911 885 1968 Massonibus
896 1912 1050 1983 impetitur,
1066 1929 1104 1981 17.
1119 1945 1154 1954 —
1167 1915 1305 1972 Absolute
1318 1918 1505 1973 necessarius

277 2014 319 2061 est
333 2014 448 2075 propter
460 2002 578 2057 liberum
590 2002 753 2057 exercitium
767 2001 954 2059 immunitatis
969 2005 1064 2075 Papae,
1077 2022 1141 2076 quae
1158 2014 1202 2060 est
1214 2005 1251 2060 de
1261 2006 1325 2076 jure
1337 2006 1447 2076 divino,
1457 2021 1503 2074 4¹·

277 2122 312 2132 -
325 2093 393 2147 Non
406 2090 521 2162 quidem
535 2100 564 2145 ut
578 2090 709 2145 Ecclesia
722 2088 888 2160 simpliciter
900 2091 946 2161 sit,
959 2092 1009 2147 sed
1024 2104 1054 2147 ut
1073 2094 1146 2148 bene
1158 2094 1204 2162 sit,
1217 2106 1276 2164 255.
1290 2123 1324 2133 -
1339 2094 1505 2167 Hucusque

278 2181 340 2235 haec
352 2179 510 2235 necessitas
534 2195 592 2234 nun
614 2188 657 2233 est
674 2178 709 2233 de
731 2177 787 2235 fide
810 2178 981 2249 dogmatica,
994 2198 1044 2236 seu
1067 2180 1192 2250 definita,
1205 2184 1249 2250 62,
1263 2197 1315 2248 402
1328 2192 1357 2238 et
1370 2199 1453 2254 seqq.
1466 2213 1505 2224 -

280 2268 336 2325 Sed
347 2279 390 2325 est
403 2269 507 2324 veritas
520 2269 637 2325 omnino
650 2268 774 2324 tenenda
788 2280 902 2340 propter
914 2270 1113 2326 auctoritatem
1127 2271 1267 2328 Ecclesiae
1278 2291 1286 2338 3
1297 2288 1350 2329 nec
1361 2272 1416 2344 ipsi
1438 2275 1505 2329 sine

278 2368 398 2429 peccato
415 2355 625 2423 contradicitur,
647 2357 691 2426 62,
703 2371 755 2422 402
773 2366 801 2412 et
824 2374 902 2429 seqq.
921 2388 954 2398 -
968 2358 1176 2431 Antiquissima
1198 2369 1263 2416 sunt
1277 2360 1339 2430 ejus
1351 2361 1443 2431 initia,
1457 2362 1504 2431 69,

279 2464 321 2516 72.
335 2478 369 2488 -
389 2448 528 2519 Legitima
550 2448 611 2518 ejus
634 2447 793 2519 acquisitio,
816 2462 858 2516 70,
876 2450 919 2516 82,
942 2449 984 2518 83.
1004 2449 1158 2504 —Potius
1180 2460 1315 2520 acceptus
1337 2449 1388 2504 tuit
1411 2467 1504 2521 quam

278 2537 424 2608 quaesitus,
438 2549 480 2604 71,
494 2536 537 2604 81,
550 2535 592 2589 82.
607 2565 641 2574 —
655 2535 778 2590 Sanctus
801 2547 853 2603 est,
867 2536 909 2603 85.
923 2565 958 2574 —
972 2536 1139 2606 Saepissime
1151 2547 1340 2608 oppugnatur,
1364 2552 1423 2605 144,
1440 2552 1504 2608 145.

279 2654 310 2664 —
333 2625 388 2679 Per
411 2637 461 2693 ι50
481 2624 582 2679 saltem
604 2620 681 2677 vices
698 2639 815 2678 eversus
835 2634 863 2678 et
887 2623 988 2678 iterum
1012 2623 1194 2694 instauratus,
1213 2638 1273 2694 327.
1287 2655 1322 2664 -
1336 2622 1504 2682 Innumeris

278 2714 371 2768 modis
384 2723 478 2785 potest
490 2713 590 2768 iterum
604 2712 640 2767 ab
653 2713 841 2782 omnipotenti
855 2712 1038 2768 Providentia
1050 2712 1169 2782 restitui,
1182 2726 1241 2783 351.

246 2801 390 2873 Principes
403 2818 421 2857 a
434 2803 498 2856 Deo
510 2800 640 2870 exempla
652 2811 774 2867 sumant,
785 2800 827 2869 38.

246 2890 426 2946 Providentia
439 2906 489 2945 cur
509 2906 567 2944 non
587 2889 625 2945 ab
645 2888 725 2943 initio
746 2888 856 2945 dederit
871 2887 1010 2944 Ecclesiae
1024 2899 1114 2945 status
1128 2890 1235 2958 civiles,
1247 2891 1291 2959 63,
1304 2893 1347 2956 64.
1360 2919 1396 2928 -
1412 2891 1503 2947 Dedit

278 2990 373 3034 autem
386 2994 435 3032 eos
448 2987 576 3047 tempore
584 2986 751 3047 opportuno,
765 2977 807 3045 82,
817 2977 832 3029 8
835 2991 859 3044 3,
874 2990 933 3045 25ι.

245 3086 387 3185 Quaestio
398 3109 528 3162 Romana
541 3106 578 3162 ab
592 3107 650 3160 alto
663 3115 706 3161 est
721 3105 879 3171 tractanda,
894 3118 917 3170 7.
932 3133 967 3142 —
978 3104 1155 3161 Universalis
1169 3117 1221 3175 est,
1237 3120 1276 3174 13.

245 3195 372 3265 Quaestio
395 3192 509 3248 socialis
534 3207 590 3245 non
608 3191 660 3245 erit
686 3190 780 3245 soluta
805 3199 960 3260 antequam
986 3191 1150 3245 restituatur
1175 3191 1316 3247 Ecclesiae
1330 3191 1502 3247 Dominium

279 3282 435 3353 temporale
448 3297 539 3348 suum,
556 3294 595 3346 13.

247 3383 409 3474 Radetzlry
421 3403 550 3459 ordinem
566 3400 657 3457 reddit
674 3400 773 3468 ltaliae,
790 3414 846 3470 151.

244 3489 438 3560 Reintegratio
453 3487 630 3557 Principatus
643 3485 733 3541 civilis
753 3488 838 3557 Papae
851 3486 903 3541 erit
917 3487 1087 3542 instauratio
1097 3486 1169 3557 juris
1182 3487 1417 3560 internetionalis,
1437 3493 1500 3548 orbi

280 3577 412 3633 universo
425 3574 562 3647 perutilis,
576 3589 635 3642 301,
651 3587 710 3643 305.

243 3668 337 3720 -ana
349 3682 406 3719 nnn
419 3673 462 3719 est
476 3661 629 3734 suiipsius,
643 3662 694 3718 sed
707 3662 744 3716 ad
758 3662 866 3717 Orbem
880 3662 1001 3734 pertinet
1015 3662 1198 3730 catholicum,
1214 3679 1253 3718 ιι.
1264 3695 1299 3703 -
1319 3666 1429 3735 Romae,
1443 3685 1501 3722 non

281 3752 357 3821 alibi,
371 3752 407 3807 sit
422 3754 500 3823 Papa
514 3753 582 3819 Rex,
599 3765 637 3818 17.
652 3751 792 3805 -Roma
808 3750 944 3806 divinitus
965 3752 1017 3806 luit
1039 3753 1242 3823 praedestinata
1264 3764 1294 3808 ut
1315 3754 1395 3810 Urbs
1414 3768 1501 3829 caput

279 3842 357 3896 fieret
370 3838 632 3907 christianismi,91.
645 3868 678 3877 -
687 3838 829 3893 Beneficia
842 3856 907 3909 quae
916 3841 1027 3909 accepit
1040 3857 1058 3894 a
1071 3840 1190 3895 summis
1199 3840 1393 3910 Pontificibus,
1407 3858 1452 3911 9¹·
1466 3875 1502 3888 -

281 3930 354 3983 Eam
363 3927 430 3983 odio
440 3935 647 3998 prosequuntur
658 3926 899 3993 Massones,96.-
908 3926 950 3981 Sit
964 3927 1047 3983 nobis
1057 3928 1139 3998 quasi
1149 3944 1232 3983 mons
1241 3927 1401 3997 Sion,97.-
1411 3930 1502 3985 Roma

278 4018 405 4089 capitale,
424 4017 515 4070 Roma
530 4014 627 4082 fatale,
642 4028 656 4067 2
659 4029 701 4081 30.
717 4042 750 4050 -
765 4014 953 4085 Intangr'bilr's
973 4026 1017 4070 est
1039 4016 1132 4071 Roma
1155 4016 1280 4086 Papalis,
1293 4017 1413 4074 minime
1433 4036 1501 4074 vero

281 4107 373 4161 Roma
385 4105 487 4160 domus
501 4101 662 4170 Sabaudiae,
673 4101 732 4168 288,
746 4102 806 4170 326.
819 4132 854 4140 —
869 4101 947 4156 Felix
959 4113 1034 4158 esset
1049 4103 1102 4159 sub
1117 4104 1207 4175 Papa,
1221 4117 1347 4173 zos-300.

246 4191 340 4262 Rossi,
353 4189 482 4246 minister
494 4189 536 4245 Pii
551 4190 627 4257 lX,a
642 4188 826 4243 Massonibus
838 4186 984 4258 occiditur,
1001 4200 1031 4258 ις
1035 4203 1059 4257 3.

248 4301 373 4382 Scholae
385 4321 510 4379 historiae
522 4331 580 4376 tres
593 4320 704 4387 dantur,
718 4332 776 4387 317.
788 4348 823 4357 -
837 4320 904 4374 Una
917 4328 1026 4375 tantum
1041 4319 1160 4375 veritate
1172 4320 1286 4390 gaudet,
1301 4335 1360 4390 3¹9

245 4410 358 4481 Scripta
369 4417 549 4482 opponantur
561 4406 674 4477 scriptis
688 4405 913 4476 prodelensione
922 4406 1028 4476 jurium
1042 4405 1147 4461 Vicarii
1162 4405 1277 4474 Christi,
1287 4420 1348 4475 372.

246 4496 430 4553 socialismus
442 4495 535 4567 proles
545 4503 632 4549 sectae
641 4492 821 4562 Massonicae,
836 4506 958 4561 137139.
972 4522 1008 4532 -
1020 4494 1056 4548 Ei
1071 4493 1145 4549 lavet
1157 4493 1304 4564 usurpatio
1317 4494 1430 4563 Rornae,
1447 4507 1505 4562 ι97,

282 4595 397 4658 propter
408 4586 506 4639 odium
520 4583 548 4639 in
561 4581 738 4651 religionem,
755 4595 813 4649 199,
822 4612 856 4621 —
869 4582 967 4636 odium
981 4581 1009 4635 in
1023 4582 1235 4651 proprietatem,
1249 4597 1352 4650 2οι,-
1364 4581 1462 4637 odium
1476 4581 1505 4636 in
