3496 5482
717 547 841 599 CAPUT
868 547 1019 600 NONUM.
1429 549 1500 621 203

240 734 287 783 en
311 707 427 796 ltalie,
448 710 566 807 etqui
587 736 634 785 ne
652 711 760 785 firent
779 711 1054 810 qu'engendrer
1071 712 1139 786 des
1158 710 1265 785 fruits
1283 711 1331 785 de
1350 711 1433 808 plus
1452 736 1499 785 en

241 826 325 923 plus
353 828 592 905 detestables
624 830 770 913 Toutes
801 829 855 905 les
886 830 1014 928 lecons
1044 832 1092 905 de
1123 829 1304 905 l’histoire
1340 830 1502 904 seraient

242 943 387 1021 sausses
405 947 436 1020 si
454 945 489 1020 la
508 946 718 1046 Sardaigne
736 947 831 1023 n'est
850 974 917 1046 pas
931 947 1064 1036 sorcee,
1078 948 1147 1023 ala
1159 948 1220 1035 fin,
1237 949 1285 1023 de
1299 949 1403 1022 boire
1417 946 1501 1022 elle·

243 1070 366 1141 meme
385 1065 419 1141 le
438 1065 551 1142 calice
571 1067 703 1164 qu’elle
721 1069 814 1143 croit
834 1067 985 1167 remplir
1003 1068 1213 1144 seulement
1230 1094 1325 1166 pour
1342 1066 1504 1142 d’autres

242 1184 264 1258 ὲ
283 1211 352 1260 son
371 1187 539 1262 benefice
558 1186 613 1288 (²).
634 1188 651 1216 ''
1420 1272 1424 1279 ,

296 1307 357 1380 En
384 1307 563 1406 judicium
596 1308 696 1404 quod
727 1308 763 1380 in
794 1306 918 1382 Gallia
946 1305 1098 1405 protulit
1129 1311 1305 1408 egregius
1332 1305 1503 1404 politicus

244 1424 392 1511 Thiers,
412 1450 512 1500 anno
536 1430 628 1521 1865
648 1426 930 1522 deputationem
957 1425 1151 1525 legiferam
1178 1423 1372 1523 alloquens
1393 1441 1432 1500 et
1454 1425 1502 1498 ad

159 1598 165 1607 .
245 1543 444 1640 incoeptam
461 1545 721 1619 tantummodo
733 1543 992 1641 spoliationem
1008 1542 1188 1619 alludens.
1204 1555 1224 1584 “
1244 1544 1351 1618 Voici
1370 1569 1412 1617 ce
1430 1569 1504 1641 que

239 1664 282 1762 je
318 1664 397 1740 dis:
434 1691 528 1739 vous
559 1670 640 1741 etes
675 1691 722 1739 en
759 1666 938 1763 presence
972 1665 1059 1739 d’un
1096 1664 1305 1739 Souverain
1339 1687 1503 1737 reconnu

242 1781 357 1878 qu’on
376 1781 573 1880 depouille,
591 1783 887 1880 permettezmoi
915 1783 963 1857 de
981 1809 1076 1857 vous
1094 1782 1129 1857 le
1147 1782 1236 1868 dire,
1253 1780 1502 1856 scandaleuse·
1522 1812 1524 1816 ⁴

243 1911 361 1986 ment:
390 1928 461 1989 car,
493 1928 543 1977 ou
562 1900 616 1979 les
639 1921 737 1977 mots
770 1902 871 1978 n’ont
896 1927 963 2000 pas
989 1901 1024 1977 le
1053 1905 1176 1976 meme
1191 1926 1278 1975 sens
1297 1925 1392 1997 pour
1410 1925 1504 1974 nous

243 2037 339 2105 tous,
368 2044 416 2093 ou
447 2019 469 2093 il
489 2039 546 2095 est
574 2021 713 2118 permis
745 2018 934 2118 d’appeler
955 2020 1188 2094 scandeleuse
1205 2044 1278 2093 une
1304 2017 1503 2116 spoliation

244 2163 391 2214 comme
421 2138 513 2215 celle
544 2139 567 2214 a
596 2139 756 2239 laquelle
792 2166 887 2215 nous
913 2141 1106 2215 assistons.
1139 2139 1203 2215 On
1230 2139 1444 2237 epouva'nte
1470 2138 1505 2213 le

245 2259 383 2333 monde
418 2259 544 2356 quand
579 2283 627 2332 on
661 2259 824 2357 invoque
850 2286 900 2333 un
937 2259 1103 2356 principe
1134 2258 1196 2356 qui
1229 2256 1505 2332 n‘entralnerait

246 2401 313 2472 pas
354 2377 475 2452 moins
502 2403 575 2474 que
597 2377 632 2451 la
658 2378 879 2454 dislocation
920 2381 967 2454 de
994 2396 1078 2454 tous
1105 2377 1160 2453 les
1186 2394 1505 2478 gouvernements

245 2495 542 2594 mmmfflff

296 2628 329 2688 6.
350 2613 427 2689 Sed
457 2641 504 2689 ex
533 2640 598 2690 ore
630 2616 794 2711 ipsorum
832 2616 902 2692 SS.
938 2616 1160 2692 Pontificum
1190 2617 1379 2691 discamus
1413 2640 1504 2713 quo·

246 2733 359 2806 modo
377 2750 536 2808 eventus
555 2731 789 2831 spoliationis
801 2734 1032 2833 Apostolicae
1046 2735 1158 2810 Sedis
1173 2734 1331 2833 populos
1351 2732 1505 2832 impule-

245 2849 292 2924 rit
310 2851 357 2923 ad
372 2852 457 2949 jura
476 2852 589 2925 etiam
604 2853 834 2950 privatorum
853 2854 1037 2927 bonorum
1057 2854 1342 2929 contemnenda.

297 2968 422 3063 Quam
441 2970 571 3043 intime
587 2971 779 3067 conjuncta
797 2972 845 3046 sit
864 2971 943 3045 lraec
963 2973 1110 3047 eversio
1132 2972 1301 3046 Dominii
1331 2972 1386 3047 sui
1412 2988 1504 3047 tem·

247 3087 383 3183 poralis
414 3114 497 3162 cum
529 3090 726 3164 eversione
752 3091 847 3189 juris
875 3092 1109 3188 proprietarii
1137 3093 1247 3167 docet
1280 3091 1367 3165 Pius
1390 3091 1448 3165 IX
1467 3093 1504 3165 in

250 3206 387 3303 Encyc.
408 3207 676 3304 Que'plurz'bus,
691 3234 713 3300 9
730 3209 833 3284 Nov.
850 3213 961 3304 1846:
976 3220 997 3253 “
1010 3210 1093 3308 Jam
1106 3234 1197 3285 vero
1209 3209 1326 3307 probe
1339 3210 1502 3294 noscitis,

246 3325 307 3408 ait,
336 3324 406 3397 alia
434 3350 599 3399 errorum
620 3344 786 3400 monstra
816 3345 854 3402 et
886 3328 1044 3414 fraudes,
1075 3328 1210 3425 quibus
1238 3325 1350 3426 hujus
1380 3327 1504 3402 saeculi

247 3440 309 3514 filii
336 3442 555 3517 catholicam
585 3442 813 3542 religionem,
844 3462 882 3519 et
910 3445 1075 3519 divinam
1109 3443 1290 3520 Ecclesiae
1308 3445 1505 3520 auctorita·

246 3576 369 3634 tem...
392 3579 429 3635 et
457 3578 533 3635 tum
563 3587 687 3649 sacrae,
719 3580 797 3636 tum
823 3561 942 3637 civilis
970 3563 1167 3660 potestatis
1181 3564 1265 3662 jura
1287 3560 1505 3637 conculcare

250 3680 465 3752 conantur.''

303 3805 323 3834 ‘⁴
339 3796 427 3870 Huc
441 3814 612 3894 spectant
633 3798 783 3873 nelariae
801 3798 1014 3874 molitiones
1031 3817 1161 3875 contra
1179 3800 1274 3874 hanc
1295 3800 1504 3875 Romanam

250 3914 460 3987 Beatissimi
483 3916 583 3989 Petri
604 3915 866 3991 cathedram...

303 4032 428 4104 “Huc
449 4032 611 4119 insanda,
631 4059 674 4107 ac
689 4033 749 4108 vel
769 4035 838 4132 ipsi
858 4035 1014 4109 naturali
1019 4037 1281 4133 siere'muxe‘me
1292 4036 1446 4111 aduersa
1463 4037 1506 4111 de

245 4151 511 4237 cerremunr'rmo,
534 4152 584 4224 uti
605 4169 752 4238 vocant,
771 4153 949 4239 doctrine,
979 4180 1053 4252 qua
1081 4153 1196 4227 semel
1229 4154 1403 4241 admissa,
1431 4181 1504 4229 orn·

245 4272 464 4367 m'remjura,
486 4298 553 4357 res,
564 4274 826 4369 proprietates,
840 4299 883 4346 ac
902 4273 962 4349 vel
975 4276 1055 4371 ipsa
1074 4274 1236 4347 humana
1253 4275 1401 4348 secretas
1422 4273 1501 4349 sun·

245 4387 343 4461 ditus
362 4398 597 4462 everteretur.
620 4390 637 4415 ”

250 4557 444 4566 ,..-.----

285 4652 305 4689 1.
326 4635 388 4687 Van
404 4634 520 4698 Duerm,
541 4633 620 4686 Viris.
634 4638 725 4702 temp.¹
741 4640 768 4686 ze
781 4635 835 4703 ed„
850 4652 914 4704 pag.
930 4648 989 4702 337.

282 4731 304 4769 2.
326 4713 449 4768 Stances
463 4713 512 4765 des
530 4726 561 4777 14
574 4723 601 4767 et
618 4713 649 4765 16
661 4715 730 4767 avril
748 4715 822 4782 1865.
836 4716 900 4768 Van
916 4715 1032 4780 Duerm,
1046 4730 1072 4781 p.
1085 4711 1146 4778 426.
