3496 5482
328 463 384 472 „m
548 463 577 467 -.
594 462 602 466 ..
625 461 738 467 .—..-.
767 459 828 465 -.-
853 459 855 464 ·
922 460 931 465 -
1018 459 1583 470 --—-—..—-.--.-—....---.-.--

331 529 401 598 322
742 525 834 574 ΡΑΡΑ
860 523 920 575 su·
947 524 1022 574 REX
1051 525 1176 576 ROMAE.

326 686 463 762 lassata
487 687 648 786 quidem,
682 687 749 760 sed
779 711 969 783 nunquam
998 688 1133 761 satiata
1161 688 1209 762 ab
1238 689 1388 789 objecto
1423 690 1589 776 recedit;

327 805 560 904 proindeque
578 829 646 879 nec
659 801 771 878 ullum
793 803 939 877 firmum
959 803 1086 878 condit
1102 803 1308 901 imperium.
1331 806 1366 880 N
1373 833 1415 882 ec
1430 805 1589 904 amplius

327 922 637 1022 philosophorum
665 920 799 1019 placita
827 921 897 995 hoc
916 921 1138 1019 principium
1158 922 1308 998 socialis
1338 923 1590 1000 conservatio·

328 1041 385 1115 nis
400 1039 579 1115 invehere
597 1056 809 1137 potuerunt.
825 1038 927 1133 Quid
942 1064 1033 1114 vero
1053 1039 1150 1114 inter
1160 1059 1295 1140 gentes
1314 1058 1473 1141 egerunt
1492 1039 1536 1141 (¹)
1550 1040 1588 1114 ?’'

329 1160 523 1259 Siquidem
578 1158 743 1255 pluribus
788 1158 976 1256 variisque
1025 1159 1231 1258 ingeniosis
1263 1159 1589 1257 subtilissimisque

327 1278 532 1352 rationibus
561 1276 773 1374 philosophi
806 1274 856 1350 illi
889 1301 1101 1374 supremam
1138 1301 1261 1352 rerum
1290 1303 1440 1353 causam
1470 1278 1588 1374 inqui-

328 1412 413 1470 runt
431 1395 688 1493 evolvuntque
711 1421 766 1481 ;···
789 1392 915 1492 populi
941 1419 1032 1469 vero
1061 1394 1342 1491 disquisitiones
1371 1395 1588 1494 hujusmodi

328 1538 403 1587 non
441 1511 693 1610 intelligentes
729 1510 973 1611 philosophos
997 1512 1099 1610 ipsos
1138 1511 1298 1589 illudunt
1337 1539 1380 1589 ac
1424 1514 1587 1587 vicissim

328 1630 538 1730 philosophi
567 1628 616 1704 illi
644 1629 866 1727 populorum
885 1630 1114 1705 dementiam
1140 1631 1367 1729 nimiamque
1392 1631 1586 1719 inscitiam,

330 1750 440 1824 rebus
468 1773 617 1846 quoque
654 1745 843 1821 vilissimis
870 1748 1125 1833 servientium,
1156 1775 1203 1823 ne
1242 1750 1409 1847 aspicere
1430 1749 1588 1847 ¹quidem

328 1866 539 1965 dignantur.
564 1865 616 1938 Et
635 1865 747 1939 etiarn
768 1863 980 1962 philosophi
1001 1864 1061 1951 illi,
1087 1892 1171 1939 cum
1190 1885 1228 1940 et
1248 1866 1338 1964 ipsis
1357 1867 1496 1964 passim
1523 1866 1587 1942 de·

328 1983 456 2059 ficeret
475 1981 675 2056 illa'cordis
693 1984 845 2079 puritas,
865 1984 990 2058 Deum
1011 1984 1063 2058 uti
1078 1984 1268 2058 debebant
1287 1983 1410 2059 colere
1437 2001 1588 2082 praeter-

328 2102 518 2175 miserunt.
541 2100 628 2195 Qua
651 2100 699 2175 de
737 2125 848 2174 causa
876 2101 987 2174 divus
1019 2100 1155 2175 Paulus
1192 2100 1437 2200 philosophos
1463 2100 1589 2199 hujus·

202 2281 206 2287 .
328 2219 430 2295 modi
450 2218 690 2317 reprehendit
710 2218 853 2293 merito.

327 2395 332 2403 ·
380 2356 482 2452 Quid
501 2381 593 2456 ergo
615 2357 827 2431 Romanurn
847 2356 1044 2453 imperium
1064 2357 1111 2430 ad
1126 2355 1270 2454 apicem
1291 2353 1493 2452 provexit?
1515 2355 1588 2430 Re·

330 2473 422 2574 ligio
436 2491 474 2549 et
486 2472 655 2572 publicus
674 2499 764 2574 erga
778 2499 906 2547 veram
926 2473 1161 2547 divinitatem
1180 2472 1312 2559 cultus,
1329 2472 1380 2547 ita
1399 2471 1586 2559 naturalis,

330 2593 553 2667 intrinsecus
572 2618 614 2667 ac
634 2591 865 2666 necessarius
885 2590 1026 2665 homini
1046 2608 1084 2665 et
1103 2591 1236 2687 cuique
1257 2588 1452 2664 hominum
1470 2591 1587 2665 socie·

329 2711 395 2786 tati
414 2729 454 2785 ut
468 2711 517 2785 ab
536 2709 598 2784 illo
616 2728 750 2784 cuncta
767 2734 810 2783 ac
825 2735 1000 2807 suprema
1018 2709 1155 2784 civium
1168 2706 1465 2806 populorumque
1486 2707 1586 2782 bona

328 2828 530 2927 pendeant.

379 2964 443 3038 Ob
463 2965 499 3037 id
518 2963 704 3061 siquidem
724 2963 820 3036 inter
839 2961 998 3058 populos
1015 2964 1136 3036 Roma
1152 2962 1340 3059 potentior
1355 2961 1493 3035 virtute
1507 2960 1588 3059 jus·

329 3085 418 3158 titiae
430 3083 613 3168 excelluit,
627 3084 715 3181 quia
735 3083 770 3155 in
794 3082 1007 3181 hujusmodi
1028 3081 1226 3177 impiorum
1241 3080 1434 3154 audaciam
1455 3080 1583 3176 nequi·

327 3201 491 3296 tiamque
523 3225 591 3296 pro
620 3200 762 3272 viribus
795 3199 908 3273 irruit.
934 3199 1094 3272 Romani
1124 3198 1235 3284 enim,
1256 3199 1326 3274 etsi
1351 3216 1391 3271 ut
1410 3197 1522 3272 ceteri
1551 3198 1587 3270 in

326 3318 526 3391 absurdam
540 3316 638 3390 illam
651 3318 806 3391 deorum
823 3316 1072 3413 pluralitatem
1088 3318 1324 3401 corruissent,
1347 3316 1383 3388 in
1403 3334 1587 3412 conceptu

327 3460 369 3508 ac
388 3435 471 3507 idea
500 3454 624 3509 tamen
648 3435 771 3508 Unius
807 3436 880 3508 Dei
900 3436 952 3508 sic
972 3434 1256 3508 fundamentum
1290 3435 1395 3532 regni
1414 3434 1462 3507 ab
1482 3433 1588 3507 initio

327 3553 609 3639 constituerunt,
631 3572 670 3655 ut
704 3553 906 3628 Romulum
926 3579 993 3627 ceu
1029 3553 1206 3626 Numinis
1225 3552 1404 3626 vicarium
1424 3550 1587 3625 celebra·

327 3670 459 3755 verint,
476 3689 698 3767 ceterosque
710 3671 869 3744 subinde
886 3696 995 3769 reges
1021 3671 1189 3768 ejusdem
1208 3669 1386 3743 Numinis
1399 3669 1588 3741 ministros

326 3799 368 3863 ac
388 3791 509 3886 ipsum
530 3793 711 3891 regnandi
732 3818 865 3866 munus
888 3793 962 3866 Dei
981 3791 1228 3865 ministerium
1247 3790 1432 3863 duxerint.
1474 3794 1478 3807 ’

381 3930 513 4004 Labile
531 3949 654 4006 tamen
688 3932 847 4028 praebuit
880 3930 963 4005 talis
984 3931 1116 4029 religio
1146 3927 1587 4025 fundamentumquippe

326 4048 428 4145 quod
448 4047 553 4121 brevi
573 4048 845 4146 polytheismus
875 4076 921 4123 ex
941 4049 1028 4122 odio
1049 4049 1145 4123 inter
1163 4049 1265 4132 deos,
1297 4044 1588 4120 connaturaliter

326 4185 364 4240 et
392 4167 478 4239 odia
511 4185 548 4240 et
572 4167 698 4266 jurgia
729 4184 767 4242 et
787 4166 883 4242 bella
916 4170 1013 4242 inter
1039 4168 1198 4265 populos
1230 4184 1269 4241 et
1300 4166 1401 4240 cives
1429 4166 1584 4261 peperit.

330 4283 481 4358 Exinde
500 4303 722 4381 perventum
755 4305 823 4372 est,
847 4306 895 4371 ut,
929 4286 1106 4360 derelicta
1126 4286 1324 4360 divinitate
1357 4309 1444 4357 vera
1464 4283 1499 4356 in
1519 4283 1587 4382 fig-

327 4423 453 4477 menta
471 4404 633 4476 humana
652 4405 778 4501 populi
794 4423 832 4479 et
851 4406 1108 4480 moderatores
1123 4405 1269 4480 abirent
1283 4426 1407 4503 atque,
1425 4403 1505 4478 sive
1520 4428 1587 4500 per

332 4573 529 4581 ———.
546 4577 614 4581 --
624 4578 753 4582 ———
762 4578 853 4584 ..-.,-..

364 4666 385 4706 1.
400 4651 553 4721 Pallottini‚
564 4653 626 4706 Sac.
637 4659 665 4706 et
674 4655 757 4724 Imp„
767 4655 790 4722 1,
803 4671 866 4724 cap.
883 4669 905 4724 1,
917 4673 943 4733 a.
958 4670 1016 4723 a,n.
1031 4656 1121 4724 32·38.
