3496 5482
250 597 318 664 106
653 613 746 663 PAPA
772 611 832 662 srr
859 610 936 660 anx
965 610 1094 663 notra.

294 785 329 846 2.
349 772 569 872 Optandum
602 791 725 849 autem
754 791 794 848 ut
811 773 942 862 clerus,
963 774 1172 873 praesertim
1191 801 1283 850 vero
1316 775 1502 874 Belgicus,

244 890 406 966 indolem
426 891 615 967 infernalis
629 911 742 967 sectae
757 892 985 968 Massonicae
1003 894 1145 991 optime
1164 913 1372 990 pernoscat.
1390 895 1502 998 Nam,

243 1027 283 1082 ut
309 1009 435 1083 scribit
465 1010 710 1085 Beatissimus
731 1010 842 1084 Pater
869 1027 908 1084 et
927 1009 1148 1085 universalis
1170 1010 1324 1098 Doctor,
1347 1021 1368 1052 ‘⁸
1389 1012 1504 1110 Equi·

242 1127 328 1202 dem
355 1154 432 1215 nos,
453 1130 550 1204 datis
568 1130 605 1204 in
625 1129 662 1205 id
693 1128 889 1228 encyclicis
918 1128 1060 1215 litteris,
1094 1127 1298 1227 periculum
1325 1131 1427 1228 quod
1456 1156 1504 1205 ex

240 1247 435 1320 conatibus
454 1266 578 1323 sectae
595 1248 818 1323 Massonum
829 1248 937 1322 czin'lz'
950 1247 1117 1322 societati
1132 1246 1321 1346 impendet,
1343 1273 1385 1322 ac
1401 1247 1502 1346 flagi·

242 1363 375 1438 tiosam
394 1365 560 1440 eiusdem
589 1383 715 1442 sectae
744 1383 924 1452 naturam,
958 1363 1112 1439 consilia
1139 1382 1177 1439 et
1209 1384 1308 1440 artes
1340 1365 1503 1440 indicare

242 1480 340 1556 haud
368 1484 710 1580 praetermisimus;
744 1483 930 1582 simulque
958 1483 1122 1558 remedia
1151 1483 1500 1569 demonstravimus,

241 1601 377 1698 quibus
412 1620 488 1679 tam
516 1603 660 1703 impura
685 1602 766 1678 lues
793 1602 981 1701 extirpari,
1010 1620 1048 1677 et
1075 1602 1238 1677 humana
1265 1602 1426 1677 societas
1455 1602 1501 1676 ad

240 1717 399 1794 salutem
420 1721 585 1796 revocari
605 1721 736 1820 possit.

291 1840 502 1916 “Maxime
527 1840 900 1917 autem-industriam
933 1839 1204 1938 postulavimus
1234 1839 1500 1916 catholicorum

240 1955 444 2045 hominum,
461 1962 690 2058 praesertim
714 1986 760 2034 ex
783 1960 913 2035 ordine
930 1960 1030 2045 cleri,
1060 1977 1100 2034 ut
1130 1984 1265 2057 nempe
1288 1958 1502 2033 erudiendis

240 2075 396 2183 populis,
417 2094 455 2152 et
472 2094 601 2152 contra
621 2077 843 2175 multiplices
860 2102 1028 2152 errorum
1047 2076 1184 2151 formas
1211 2102 1254 2151 ac
1282 2077 1386 2150 varia
1414 2076 1501 2151 inci·

242 2209 408 2268 tamenta
426 2215 610 2270 sectarum
629 2195 760 2270 sedulo
780 2194 991 2269 muniendis
1010 2220 1159 2269 omnem
1179 2219 1333 2293 operam
1357 2194 1498 2268 darent.

292 2320 314 2351 ‘⁴
333 2311 420 2407 Qua
439 2313 474 2387 in
504 2339 552 2399 re,
581 2313 699 2411 probe
727 2339 795 2388 nos
823 2312 1074 2411 intelligimus,
1104 2313 1135 2385 si
1164 2312 1320 2386 multum
1350 2311 1497 2410 ubique,

239 2430 415 2504 maiorem
429 2432 470 2505 in
484 2432 630 2506 modum
644 2432 685 2504 in
695 2431 826 2530 Belgio
835 2457 908 2505 esse
917 2430 1190 2517 elaborandum,
1204 2429 1501 2528 enitendumque

241 2565 281 2621 ut
299 2548 516 2646 perniciosa,
537 2575 634 2648 quae
653 2548 761 2624 isthic
780 2567 875 2635 sunt,
897 2549 1040 2622 semina
1058 2546 1265 2623 evellantur
1283 2546 1338 2648 (¹).
1360 2548 1377 2576 ”

290 2686 323 2749 3.
346 2676 378 2750 E
395 2677 507 2751 variis
521 2695 646 2751 autem
663 2674 874 2774 Encyclicis
892 2675 1027 2773 quibus
1048 2675 1129 2749 Leo
1145 2672 1250 2747 Xlll
1276 2673 1499 2748 Massonum

240 2810 352 2867 sectae
370 2813 535 2881 conatus,
556 2813 735 2880 naturam,
763 2791 916 2884 consilia
934 2811 972 2867 et
989 2811 1093 2867 actus
1111 2792 1255 2890 detegit
1274 2811 1387 2890 atque
1417 2817 1499 2889 per·

240 2910 347 2997 cellit,
368 2937 480 2986 omne
499 2912 667 3011 prosecto
694 2911 776 2986 tulit
803 2929 980 3009 punctum
1008 2936 1052 2984 ea
1080 2936 1164 3008 quae
1190 2911 1277 2983 data
1292 2934 1339 2985 20
1357 2909 1500 3007 Aprilis

245 3031 349 3120 1884,
378 3029 505 3127 incipit
530 3056 615 3105 cum
644 3029 769 3103 verbis
798 3028 1023 3102 Humanum
1034 3053 1165 3126 genus,
1187 3045 1224 3102 et
1242 3052 1327 3125 quae
1346 3027 1499 3113 erit,'uti

240 3170 443 3243 speramus,
461 3148 595 3235 Mnus,
616 3148 790 3234 Tuscae,
814 3148 971 3221 Praxeas
991 3146 1162 3220 moderni
1192 3147 1297 3244 regni
1319 3144 1500 3241 Principis

242 3264 352 3364 hujus
370 3266 494 3341 saeculi
514 3265 569 3368 (²).

291 3393 475 3489 Quamvis
487 3415 544 3495 sat
556 3423 685 3472 recens
699 3398 747 3472 sit
759 3415 861 3472 secta
877 3399 915 3470 M
921 3396 1100 3482 assonica,
1113 3395 1200 3493 quia
1213 3412 1339 3469 tamen
1353 3396 1500 3470 sentina

242 3529 298 3585 est
317 3533 533 3589 cunctarum
552 3515 736 3589 haeresum
755 3516 922 3613 omnium
937 3514 1161 3589 -saeculorum
1190 3530 1227 3587 et
1252 3530 1380 3587 nostro
1407 3531 1498 3587 tem·

242 3653 332 3727 pore
350 3633 455 3728 quasi
474 3633 550 3707 dux
569 3633 731 3708 hostium
755 3633 962 3732 Religionis
981 3658 1023 3706 ac
1057 3631 1247 3706 societatis
1266 3630 1393 3717 civilis,
1414 3631 1499 3705 ideo

241 3749 431 3823 exorditur
448 3750 593 3825 Doctor
604 3750 803 3825 infallibilis
819 3777 861 3824 ac
878 3750 1035 3824 vicarius
1054 3750 1165 3835 Illius,
1183 3748 1246 3847 qui
1264 3765 1322 3822 est
1336 3749 1447 3846 alpha
1460 3768 1499 3824 et

241 3891 386 3965 omega,
420 3868 640 3965 principium
676 3895 718 3942 ac
749 3868 843 3955 finis,
875 3888 1157 3942 monumentum
1191 3893 1298 3940 suum
1330 3893 1352 3940 a
1371 3893 1498 3966 pugna

241 3984 406 4058 saeculari
426 3985 545 4060 bonos
564 3986 720 4061 interae
740 3986 867 4060 malos.
894 3986 1026 4084 ltaque
1046 4013 1053 4059 :
1428 3986 1432 3999 “

294 4112 314 4141 “
337 4103 555 4177 Humanum
567 4130 697 4203 genus
715 4124 971 4202 posteaquam
986 4131 1008 4176 a
1021 4104 1200 4178 Creatore
1217 4127 1488 4201 munerumque

243 4229 263 4258 ‘⁶
282 4219 498 4295 coelestium
516 4220 691 4320 largitore
714 4222 808 4307 Deo,
827 4221 971 4295 zizvidia
988 4221 1151 4306 Diaboli,
1174 4220 1379 4294 miserrime
1396 4219 1497 4295 dele-

242 4347 263 4377 ‘⁸
281 4336 340 4424 cit,
361 4337 398 4411 in
417 4356 543 4436 partes
568 4339 660 4414 duas
679 4338 847 4413 diversas
866 4338 1119 4436 adversasque
1137 4338 1324 4425 discessit;
1341 4362 1497 4435 quarum

279 4623 299 4662 t.
322 4606 451 4675 Epistola
466 4608 569 4662 Leonis
582 4609 669 4677 XIII,
681 4608 719 4662 ad
734 4609 770 4662 D.
785 4608 908 4676 Onclair,
926 4623 957 4677 19
971 4611 1044 4664 Nov.
1062 4609 1136 4677 1885.

275 4702 299 4740 2.
320 4687 336 4713 ‘⁴
351 4686 555 4758 L'Encyclique
569 4689 739 4741 Humanum
748 4705 840 4758 genus
852 4699 895 4742 est
914 4706 965 4743 son
985 4687 1132 4745 execution
1152 4698 1180 4742 et
1199 4704 1250 4742 son
1270 4697 1470 4742 enterrement.
1485 4687 1499 4714 ”

240 4766 343 4832 (Sarda
357 4769 381 4821 Y
394 4768 519 4836 Salvani,
532 4767 571 4822 Le
583 4768 644 4821 mal
653 4768 749 4836 social,
762 4781 781 4821 t.
797 4769 819 4835 1,
832 4785 858 4837 p.
873 4768 927 4836 83.)
