3496 5482
820 474 944 480 ‚Qu—.-
964 471 969 480 ι
980 475 1046 479 .--—
1066 475 1178 481 --—.-..
1192 476 1372 482 ...——..---
1386 478 1399 482 -
1412 478 1423 482 ..
1442 478 1499 486 .—

250 521 315 589 161
653 537 746 586 mm
774 538 833 587 srr
862 539 935 587 11111
966 539 1091 588 nonin.

293 695 447 794 Aliquid
469 713 594 770 tamen
610 695 739 770 deerat
759 721 827 770 nec
854 722 949 793 opus
962 696 1141 771 nefarium
1161 699 1381 781 Massonum
1402 699 1505 796 peni·

243 831 303 890 tus
347 831 647 888 consummatum
684 813 868 888 exstabat.
892 814 1053 888 Duobus
1083 814 1354 911 Principatibus
1385 816 1503 890 mino·

244 933 344 1007 ribus
358 932 537 1029 exceptis,
559 949 751 1028 superstes
769 950 849 1006 erat
869 956 937 1005 nec
956 931 1140 1006 Sardiniae
1161 932 1292 1005 ditioni
1312 932 1503 1032 subjectus

243 1051 344 1125 solus
366 1051 537 1125 Ducatus
556 1049 760 1136 Romanus,
782 1050 975 1148 antiquum
990 1075 1125 1148 nempe
1144 1050 1186 1124 S.
1202 1050 1301 1124 Petri
1324 1051 1503 1125 Patrimo-

244 1171 354 1255 nium,
372 1171 542 1268 primitus
578 1171 626 1243 ab
657 1167 884 1244 Herulorum
925 1169 1075 1267 regibus
1095 1170 1134 1244 S.
1169 1169 1259 1244 Sedi
1283 1195 1502 1244 concessum

243 1306 280 1363 et
307 1315 329 1362 a
351 1287 570 1385 Byzantinis
591 1287 877 1384 imperatoribus
902 1285 1174 1376 confirmatum.

296 1402 409 1478 Hanc
436 1404 588 1479 tandem
603 1429 727 1478 arcem
743 1404 921 1490 veritatis,
944 1404 1045 1501 pacis
1073 1421 1110 1478 et
1128 1404 1269 1478 ordinis
1284 1404 1431 1479 socialis
1451 1405 1503 1477 in·

246 1523 393 1609 vadere,
430 1521 559 1620 ibique
598 1547 712 1619 super
748 1522 890 1595 ruinam
928 1521 1070 1595 ordinis
1100 1520 1376 1596 Christianismi
1412 1523 1500 1607 veri,

245 1662 384 1714 novum
412 1640 614 1736 quemdam
645 1638 874 1713 naturalismi
898 1659 935 1713 et
954 1639 1073 1737 putidi
1104 1641 1313 1739 paganismi
1342 1640 1504 1714 condere

242 1758 411 1832 ordinem
431 1756 626 1856 satagebat
650 1774 751 1830 secta
776 1757 1007 1831 Massonum.
1024 1757 1221 1832 Ardebant
1239 1757 1324 1832 ideo
1342 1760 1501 1832 Romam

243 1873 476 1948 conformare
507 1900 643 1948 novam
662 1899 821 1972 eamque
840 1875 1038 1960 ethnicam,
1058 1900 1142 1971 quae
1169 1875 1334 1948 divinam
1368 1877 1503 1950 verita·

245 2008 320 2068 tem
341 1992 377 2065 in
396 1992 652 2089 captivitatem
673 1993 847 2090 redigens
862 2011 900 2067 et
914 2018 981 2066 sua
1000 1992 1110 2066 simul
1130 1991 1204 2067 late
1227 2018 1409 2092 spargens
1421 2018 1504 2090 per·

245 2135 353 2184 versa
371 2110 622 2184 doctrinarum
637 2111 947 2191 seminatandem
964 2111 1126 2208 Europae
1151 2111 1369 2186 societatem
1382 2112 1502 2187 delor-

245 2244 363 2303 maret
387 2254 453 2302 seu
466 2227 682 2302 reformaret
701 2227 748 2301 ad
768 2228 968 2326 imaginem
982 2253 1098 2301 suam.

298 2345 359 2418 En
388 2346 541 2441 impium
575 2345 812 2419 tenebrarum
844 2363 1029 2419 sectarum
1066 2345 1260 2424 consilium
1291 2348 1502 2446 omnigenis

246 2461 351 2537 malis
380 2481 418 2537 et
436 2463 621 2536 erroribus
639 2464 835 2560 gravidum
863 2464 964 2560 quod
1001 2463 1211 2561 impavidus
1238 2465 1325 2538 Pius
1345 2465 1402 2538 IX
1422 2491 1503 2563 per·

240 2582 331 2681 vigil
354 2580 522 2656 societati
541 2580 767 2655 denunciare
782 2607 855 2654 non
876 2584 1016 2655 veritus
1035 2601 1102 2656 est.

297 2714 349 2775 16.
382 2699 650 2794 Quamobrem.
671 2698 783 2772 rebus
803 2718 947 2775 mature
966 2701 1236 2797 perpensis,die
1255 2700 1350 2774 festo
1369 2702 1503 2775 lmma·

240 2817 371 2893 culatae
402 2821 505 2909 1864,
529 2817 616 2891 Pius
630 2818 688 2891 lX
707 2817 989 2892 celeberrimum
1005 2817 1197 2917 evulgavit
1219 2829 1239 2858 “
1259 2817 1453 2915 Syllabum
1474 2820 1502 2906 ’'‚

240 2934 436 3008 elenchum
480 2959 615 3029 nempe
644 2934 954 3032 complectentem
975 2936 1185 3033 praecipuos
1216 2935 1326 3034 hujus
1359 2937 1504 3010 miserae

241 3053 361 3127 aetatis
404 3077 572 3140 errores;
600 3052 727 3150 sicque
754 3055 879 3128 denuo
907 3056 1046 3128 rabiem
1075 3055 1253 3127 excitavit
1284 3056 1505 3128 Massonum

243 3188 281 3244 et
301 3181 322 3210 “
349 3169 575 3245 Liberalium
596 3170 624 3257 ”,
640 3195 799 3268 quorum
818 3171 995 3268 coryphei
1010 3192 1051 3245 ut
1069 3172 1105 3245 N
1112 3171 1247 3269 apolco
1272 3172 1347 3258 ΙΙΙ,
1363 3172 1509 3247 Victor·

242 3287 470 3362 Emmanuel
506 3306 545 3362 et
572 3288 729 3362 ministri
756 3314 896 3377 eorum,
915 3314 1059 3363 necnon
1079 3308 1117 3364 et
1138 3290 1169 3362 F
1174 3308 1504 3375 rancomuratores,

243 3407 433 3480 ardentius
462 3425 591 3480 contra
610 3405 649 3481 S.
671 3406 811 3481 Sedem
830 3408 1043 3503 conspirare
1062 3427 1268 3505 coeperunt.

302 3524 372 3597 Rei
402 3543 527 3597 tamen
559 3523 880 3620 supersedendum
912 3543 1001 3610 erat,
1035 3551 1118 3598 cum
1154 3544 1241 3600 tunc
1274 3526 1310 3598 in
1343 3524 1508 3598 conciliis

246 3645 401 3742 publicis
429 3645 561 3719 Galliae
578 3646 685 3742 quasi
715 3645 884 3719 ultimum
913 3647 1152 3720 conscientiae
1171 3646 1327 3744 publicae
1346 3644 1507 3720 illuxerit

245 3763 578 3838 lumen.D.Thiers
607 3780 682 3836 tam
701 3765 854 3862 egregie
869 3763 1012 3838 locutus
1025 3782 1082 3838 est
1093 3765 1141 3838 de
1163 3764 1345 3838 Dominio
1363 3783 1508 3861 tempo-

233 3879 311 3953 ·rali
331 3879 369 3954 S.
392 3880 503 3955 Sedis
524 3898 563 3954 ut
592 3881 701 3954 tertia
732 3880 848 3954 lerme
869 3907 953 3978 pars
986 3882 1249 3978 deputatorum
1271 3901 1399 3956 votum
1420 3880 1508 3954 emi·

246 3998 335 4072 serit
357 3999 393 4071 in
412 3999 578 4072 savorem
612 3999 717 4072 illius.
740 3999 853 4094 Quod
872 4001 1006 4074 accidit
1025 4002 1086 4075 die
1111 4009 1154 4074 16
1173 4000 1313 4097 Aprilis
1339 4003 1430 4092 1865
1451 3997 1465 4097 (
1483 4001 1505 4094 ).

285 4221 306 4260 1.
328 4208 372 4259 En
383 4208 469 4261 verba
483 4209 518 4261 D.
534 4207 644 4274 Thiers,
658 4208 802 4278 inquibus
816 4208 884 4262 libet
905 4210 1069 4279 aequitatem
1083 4220 1110 4263 et
1136 4226 1252 4263 sensum
1269 4209 1368 4263 audire
1382 4224 1508 4262 commu·

247 4302 313 4341 uem
326 4285 447 4341 sanioris
461 4287 549 4356 partis
562 4286 666 4341 civium
679 4287 704 4341 :“
719 4288 758 4340 Le
774 4289 851 4357 Pape
863 4298 906 4342 est
920 4306 956 4341 un
972 4289 1120 4343 souverain
1135 4291 1182 4359 qui
1196 4307 1213 4342 a
1227 4307 1277 4343 son
1291 4288 1441 4355 territoire,
1461 4287 1509 4357 qui

248 4365 274 4421 le
285 4367 407 4435 possede
422 4366 479 4420 tres
491 4367 710 4435 regulierement
724 4375 752 4420 et
766 4384 802 4420 au
816 4369 881 4421 titre
895 4368 921 4421 le
935 4369 998 4436 plus
1012 4368 1145 4437 legitime.

285 4446 301 4471 “
316 4446 390 4500 C'est
413 4445 438 4499 le
451 4446 515 4515 plus
538 4447 640 4500 ancien
662 4457 886 4514 gouvernement
907 4447 943 4501 de
963 4448 1114 4517 l’Europe;
1134 4451 1201 4501 c’est
1221 4464 1258 4501 un
1287 4454 1509 4515 gouvernement

248 4524 295 4594 qui
309 4541 328 4579 a
348 4525 425 4578 mille
448 4541 500 4578 ans
521 4525 701 4580 d’existence.
724 4555 758 4562 —
771 4527 804 4594 Je
817 4544 853 4579 ne
867 4527 945 4595 parle
959 4545 1009 4596 pas
1024 4527 1059 4580 de
1081 4544 1132 4580 son
1146 4527 1290 4581 existence
1313 4527 1420 4580 morale
1435 4543 1440 4579 :
1455 4525 1509 4578 elle

249 4613 292 4657 est
308 4604 456 4674 beaucoup
470 4606 533 4673 plus
545 4606 685 4658 ancienne
697 4625 704 4670 ;
725 4605 753 4672 je
767 4606 845 4674 parle
859 4606 895 4659 de
909 4623 960 4659 son
975 4606 1117 4659 existence
1131 4606 1224 4660 defait
1238 4625 1244 4660 ι
1259 4607 1312 4659 elle
1325 4623 1343 4658 a
1356 4605 1433 4658 mille
1443 4620 1505 4658 ans.

222 4732 224 4737 .
284 4683 302 4710 “
315 4683 389 4738 cust
400 4700 438 4737 un
447 4696 670 4753 gouvernement
683 4685 813 4751 regulier,
827 4696 855 4738 et
866 4685 884 4737 il
899 4703 916 4738 a
929 4685 955 4738 le
968 4685 1041 4738 droit
1055 4685 1140 4753 qu‘on
1151 4687 1177 4738 le
1191 4697 1356 4754 respecte...
