3496 5482
700 501 822 552 CAPUT
850 500 1041 550 DbClMUM.
1414 501 1496 552 '221
1552 534 1555 541 .

246 614 417 624 ‘d‘—
652 607 1137 617 —--——-—-r--——-.—--—-—..
1144 610 1307 618 ----.-.....-...

297 671 339 743 ln
359 642 494 766 quibus
522 665 705 765 angustiis
736 665 859 760 posito
892 663 1073 737 Pontifice
1091 684 1128 739 et
1154 668 1260 764 quasi
1291 667 1502 766 alienigena

242 788 381 873 habito,
402 785 486 884 quis
505 802 561 858 est
585 783 744 882 quinon
763 781 877 867 videt,
893 778 1034 878 quanta
1061 783 1258 880 prudentia
1289 803 1504 882 quantaque

241 925 351 1007 egeat
370 902 711 1001 circumspectione,
736 917 799 974 aut
826 900 962 974 rectius
979 920 1121 998 quanta
1139 902 1357 978 difficultate
1383 902 1501 978 invol-

244 1044 449 1111 vatur,cum
464 1019 654 1097 doctorale
668 1038 706 1094 et
717 1017 903 1118 pastorale
918 1041 1052 1094 munus
1071 1021 1140 1118 ipsi
1159 1021 1275 1096 dictat
1289 1040 1327 1097 et
1344 1015 1502 1120 populos

244 1162 281 1218 et
308 1142 494 1240 principes
509 1138 731 1238 populorum
758 1138 805 1212 ad
825 1154 964 1212 rectam
993 1164 1170 1215 revocare
1193 1141 1318 1216 viam?
1339 1141 1400 1214 Ex
1428 1166 1503 1215 una
1619 1167 1620 1170 ¹

243 1279 348 1361 parte
383 1257 622 1332 “Novimus
658 1256 768 1341 enim,
802 1256 854 1328 ait
881 1255 1126 1332 Beatissimus
1160 1259 1280 1345 Pater,
1310 1261 1502 1334 decretum
1562 1328 1564 1331 .

208 1407 210 1412 ·
245 1378 402 1454 inimicis
423 1388 527 1462 esse,
560 1400 680 1473 usque
712 1399 757 1449 eo
788 1373 1050 1449 Pontificatum
1085 1377 1297 1450 Romanum
1328 1378 1518 1453 iniuriose'

127 1545 128 1548 =
245 1516 413 1584 tractare,
429 1515 476 1583 ut,
493 1522 539 1570 ex
554 1493 634 1569 aliis
650 1494 686 1567 in
699 1491 789 1567 alias
801 1493 991 1568 coniectus
1003 1493 1250 1584 difficultates,
1263 1496 1310 1570 ad
1323 1514 1500 1585 extrema,

244 1620 276 1693 si
295 1617 373 1692 fieri
392 1615 522 1714 possit,
543 1631 719 1713 urgeatur
737 1609 792 1711 (¹)
815 1612 833 1638 ”

296 1737 358 1810 Ex
389 1733 506 1808 altera
538 1757 627 1807 vero
653 1756 778 1805 nonne
806 1731 983 1806 continuo
1012 1721 1329 1808 reformidandum
1362 1755 1420 1811 est
1456 1762 1504 1811 ne

245 1852 529 1949 ceterissopitis
545 1850 739 1952 guberniis
758 1875 871 1923 unum
895 1848 1114 1936 alterumve,
1139 1876 1185 1926 eo
1207 1853 1308 1949 quod
1336 1843 1504 1930 veritatis

246 1997 419 2048 sermone
434 1971 623 2045 videretur
633 1969 916 2054 offensum,cum
933 1969 1113 2068 regimine
1132 1971 1347 2047 Massonico
1359 1975 1505 2072 conspi-

206 2073 208 2079 ¹
247 2109 344 2165 raret
363 2091 399 2164 in
420 2105 494 2164 non
514 2088 861 2186 procrastinandum
880 2085 1040 2184 amplius
1062 2089 1304 2164 Pontificatus
1323 2092 1506 2167 exitium?

299 2208 395 2305 Quis
413 2226 471 2283 est
489 2232 581 2304 ergo
599 2207 661 2304 qui
681 2224 738 2280 sat
757 2191 926 2280 caecutiat
952 2223 993 2280 ut
1022 2206 1301 2283 lamentabilem
1324 2212 1505 2288 conditio·

249 2352 333 2402 nem
363 2352 436 2400 non
469 2326 594 2400 videat
625 2350 699 2422 qua
725 2324 902 2398 continuo
929 2325 1110 2421 premitur
1138 2326 1318 2402 Ecclesiae
1336 2350 1447 2427 caput
1466 2349 1506 2406 ut

236 2447 324 2522 ,suis
342 2445 459 2519 libere
476 2444 678 2543 prospiciat
696 2463 734 2518 et
753 2444 854 2518 bono
872 2444 1040 2517 societati
1060 2444 1259 2519 efficaciter
1280 2449 1508 2544 provideat?

301 2565 403 2660 Quid
422 2580 479 2638 est
498 2588 589 2662 ergo
618 2587 683 2635 cur
713 2562 813 2636 bono
847 2560 1028 2644 Ecclesiae
1058 2581 1095 2636 et
1126 2563 1332 2639 Pontificali
1363 2567 1506 2643 muneri

248 2685 339 2758 satis
357 2708 543 2781 superque
561 2681 752 2781 provisum
771 2706 855 2755 esse
873 2680 1064 2755 clamitent
1077 2680 1385 2781 plures,quandiu
1399 2672 1508 2761 durat

249 2800 490 2878 intolerabilis
516 2801 595 2874 haec
620 2799 807 2874 conditio?
837 2800 1021 2874 Praeterea
1040 2800 1129 2897 quid
1160 2817 1219 2875 est
1237 2828 1302 2877 cur
1321 2804 1508 2903 principes

250 2923 297 2995 ad
328 2919 566 2995 difficultates
594 2919 750 2994 sociales
775 2918 993 2994 enodandas
1012 2937 1051 2992 et
1077 2918 1277 2996 efficaciter
1307 2905 1522 3020 solvendas¹

254 3039 478 3120 Pontificem,
491 3038 680 3135 captivum
700 3054 897 3134 tantopere
924 3035 1149 3112 sollicitent?
1168 3022 1333 3136 Oportet
1349 3042 1510 3139 primum
1599 3024 1603 3031 ⁵
1623 3088 1626 3098 ι

251 3160 397 3235 solvere
427 3141 573 3231 vincula
592 3154 696 3244 illius,
717 3155 780 3253 qui
809 3155 948 3228 incuria
971 3154 1191 3230 societatum
1221 3177 1258 3232 et
1281 3177 1509 3256 potestatum

255 3278 418 3374 Europae
434 3275 614 3350 Dominio
628 3300 697 3348 suo
715 3300 758 3348 ac
776 3273 934 3370 proinde
952 3272 1264 3371 plenolibertatis
1283 3295 1320 3352 et
1339 3279 1511 3354 immuni·
1554 3283 1557 3286 ⁴

253 3398 340 3472 tatis
358 3395 536 3470 exercitio
556 3393 624 3468 luit
641 3391 832 3489 spoliatus,
855 3409 895 3466 ut
914 3392 995 3489 ipse
1013 3392 1135 3489 palam
1160 3395 1355 3471 veritatem
1375 3397 1511 3472 salvifi-

253 3541 333 3590 cam
363 3513 579 3611 praedicans,
601 3511 805 3608 sedemque
824 3536 1011 3608 occupans
1041 3511 1077 3584 in
1100 3515 1349 3589 conventibus
1368 3533 1406 3591 et
1424 3542 1512 3591 con·

253 3634 443 3735 gressibus
463 3630 670 3729 principum
693 3647 731 3704 et
753 3628 987 3727 populorum,
1010 3631 1100 3727 ipsis
1118 3632 1313 3728 sapientiae
1330 3635 1408 3709 suis
1426 3661 1512 3712 con·
1576 3659 1586 3688 '-

254 3754 344 3828 siliis
363 3778 405 3825 ac
425 3751 576 3825 monitis
595 3749 784 3823 fructuose
802 3748 963 3823 assistat.
1349 3820 1352 3823 ,

305 3872 368 3944 An
387 3887 493 3969 putet
512 3869 596 3966 quis
614 3892 660 3941 eo
678 3867 768 3941 satis
788 3868 996 3942 conducere
1015 3866 1076 3942 illa
1096 3894 1208 3966 quam
1223 3871 1375 3967 quidam
1390 3872 1514 3948 elabo-

256 4007 431 4065 raverunt
449 3988 509 4062 lex
529 3985 784 4061 Cautionum?

305 4122 342 4181 4.
365 4108 425 4182 De
445 4108 547 4181 hisce
567 4105 813 4180 Cautionibus
841 4130 934 4204 ergo
958 4105 1148 4194 disseram,
1164 4132 1258 4204 quas
1276 4108 1337 4183 die
1356 4132 1398 4203 13
1422 4109 1515 4183 Maii

155 4224 158 4231 ’
261 4231 348 4320 1871
373 4226 490 4299 edidit
509 4243 546 4299 et
578 4224 758 4310 Pontifici,
778 4225 879 4297 omni
910 4249 1063 4321 prorsus
1088 4242 1276 4323 potestate
1294 4227 1513 4323 exspoliato,

257 4345 466 4421 offerendas
480 4344 638 4443 jactavit
661 4341 829 4417 Italicum
854 4342 1088 4441 gubernium‚
1113 4368 1160 4418 ne
1178 4344 1381 4420 catholicus
1401 4345 1517 4420 Orbis

259 4482 405 4561 putaret
425 4462 643 4561 religionem
662 4462 712 4536 ob
735 4461 902 4536 Italicam
923 4462 1102 4537 unitatem
1122 4461 1334 4559 periclitari.

1317 4609 1517 4620 —-—-—⁴

298 4681 319 4719 1.
339 4666 428 4719 Alloc.
442 4664 480 4718 ad
495 4664 589 4732 Card.‚
604 4679 637 4731 24
652 4664 735 4719 Mart.
751 4651 828 4730 1884.
