3496 5482
691 591 903 635 PROOEMIUM.
1404 591 1428 638 V

197 754 369 799 Suuttititrtitt
380 752 455 798 totius
465 752 608 810 quaestionis
620 752 748 803 Romanae,
761 764 817 808 quae
828 750 926 795 maximi
937 758 972 795 est
984 751 1098 795 momenti
1109 758 1181 809 atque
1191 751 1223 795 ab
1233 751 1282 795 alto
1293 751 1428 867 {Pctapdla'

1325 818 1373 867 apra
1411 844 1416 857 .

702 892 734 950 A)
742 919 771 926 -
779 894 889 939 Potestas
897 895 977 945 civilis,
987 895 1079 951 regalis,
1089 893 1207 945 absoluta,
1216 895 1331 950 competit
1340 894 1428 939 Christi

673 953 776 1003 Vicario.
792 954 845 1011 jure
861 954 942 998 divino
957 955 1042 998 saltem
1059 954 1168 1004 naturali.
1186 963 1281 1011 propter
1298 954 1427 998 Primatum

673 1013 725 1069 ejus
735 1022 808 1071 atque
820 1013 998 1057 immunitatem
1001 1047 1244 1059 .......
1278 1012 1369 1071 (Caput
1380 1014 1426 1067 ll.)

706 1072 734 1129 Β)
745 1096 774 1104 -
787 1072 944 1117 Necessarius
958 1082 993 1118 est
1010 1074 1161 1129 Principatus
1175 1073 1248 1117 civilis
1262 1082 1360 1129 propter
1371 1073 1428 1117 libe·

353 1131 423 1176 Pittts
441 1131 459 1175 i.
675 1145 728 1175 rum
748 1133 885 1176 exercitium
908 1133 1069 1179 lmmttnitatis
1090 1133 1114 1176 S.
1131 1133 1208 1181 Sedis,
1228 1146 1279 1189 pne
1300 1133 1382 1189 primis
1403 1134 1427 1176 in

198 1191 239 1235 Dr⁴
270 1200 413 1236 paracletis
444 1199 553 1234 proruis
585 1198 648 1241 Qua:
675 1192 786 1239 praesenti
798 1205 875 1236 rerum
888 1200 997 1245 statu;et
1009 1192 1062 1236 haee
1073 1193 1272 1236 estveritasadeo
1283 1192 1427 1236 fideicatbo-

167 1259 387 1295 coucurtttettuur
403 1258 647 1294 aucortsrtrurto·
674 1252 728 1295 licae
739 1252 854 1307 proxima.
868 1252 1022 1308 utfidecerta
1034 1252 1151 1296 dicatur.
1186 1286 1191 1295 .
1227 1286 1232 1296 .
1265 1250 1427 1309 (Capitalis.)

166 1308 645 1355 auunostratiramonarissfiams.
705 1310 734 1363 C)
752 1334 781 1342 —
797 1311 931 1366 iustissima
949 1320 984 1355 est
1006 1311 1125 1366 possessio
1144 1311 1293 1367 principatus
1311 1311 1385 1356 civilis
1400 1312 1423 1356 S.

675 1370 751 1417 Sedis.
772 1382 827 1413 cum
848 1370 877 1414 sit
902 1371 1016 1427 singulari
1040 1371 1138 1415 consilio
1157 1371 1245 1415 divinat
1268 1370 1428 1415 Providentiae

675 1429 799 1473 reserenda
830 1463 1232 1474 ...........
1266 1428 1273 1480 i
1278 1430 1358 1473 Canu!
1369 1431 1382 1474 Ι
1388 1430 1426 1485 V.)

706 1487 739 1539 D)
752 1488 864 1532 —Sacer
877 1488 902 1532 tit
914 1489 998 1533 exinde
1015 1489 1163 1545 Principatus
1177 1489 1249 1534 civilis
1260 1489 1283 1533 S.
1300 1490 1425 1541 Ecclesiae:

676 1548 837 1592 sacratissima
848 1560 946 1605 quoque
955 1558 991 1593 cst
1004 1549 1081 1592 Roma
1093 1548 1186 1606 papalis
1203 1582 1209 1594 .
1247 1583 1252 1593 .
1284 1549 1373 1607 (Caput
1389 1548 1427 1605 V.)

672 1718 778 1762 Domini)
790 1718 928 1771 temporalis
937 1721 1130 1773 conspiraverunt
1139 1735 1143 1767 ;
1153 1733 1235 1764 eorum
1244 1727 1316 1767 secta.
1328 1720 1427 1775 gravida

670 1778 735 1821 omni
745 1790 824 1822 errore
831 1791 859 1822 ac
866 1778 927 1822 civiti
936 1779 1061 1825 seditione.
1071 1780 1273 1824 nonobstantibus
1284 1778 1425 1823 Pontificum

672 1837 775 1887 monitis.
786 1845 808 1881 et
821 1837 959 1881 societatem
970 1838 1017 1882 late
1029 1840 1168 1894 pervadens.
1179 1853 1232 1883 eam
1247 1838 1425 1893 Ecclesiamque

670 1906 774 1941 evertere
784 1905 807 1940 et
818 1897 850 1941 ad
861 1897 1007 1942 horrendum
1020 1898 1187 1954 paganismum
1199 1898 1310 1942 reducere
1320 1897 1422 1940 molitur.

671 1988 1231 2001 ...............
1266 1955 1357 2012 (Capiti
1372 1954 1424 2007 Vl.)

703 2014 730 2067 R)
751 2040 780 2047 -
801 2014 872 2059 Secta
892 2015 1000 2059 malefica
1021 2029 1160 2060 massonum
1185 2016 1270 2060 mediis
1290 2016 1425 2070 omnigenis

670 2076 895 2130 aggredituraroem
903 2076 1142 2119 tutissimnmortlinis
1150 2075 1314 2119 christianiae
1322 2074 1422 2124 socialis.

671 2143 693 2178 et
705 2136 735 2179 de
748 2148 777 2178 ea
788 2134 935 2190 triumphum
945 2134 994 2191 agit
1007 2134 1146 2178 Dominium
1156 2135 1178 2179 S.
1191 2134 1259 2178 Sedis
1271 2134 1421 2189 occupando.

671 2226 1232 2239 ...............
1252 2193 1341 2249 (caput
1357 2192 1423 2245 Vll.)

700 2252 730 2309 C)
742 2277 771 2285 -
782 2252 936 2310 Quantopere
947 2253 1062 2308 sacrilega
1072 2254 1184 2309 spoliatio
1194 2254 1217 2298 S.
1232 2252 1309 2301 Sedis.
1323 2251 1423 2309 periere

670 2313 789 2367 integrum
801 2312 916 2357 saecuiunt
928 2322 1057 2369 protracta.
1070 2314 1094 2356 in
1109 2326 1182 2357 manu
1193 2321 1266 2357 sectoe
1281 2311 1423 2356 massonicre

670 2372 775 2416 inserviit
786 2372 818 2415 ad
829 2385 928 2421 errores.
938 2373 1037 2417 erimina
1048 2381 1071 2416 ct
1082 2372 1179 2428 injurias
1190 2372 1319 2428 omnigena
1331 2370 1424 2428 publice

670 2432 807 2488 spargenda
831 2431 856 2474 in
886 2432 1063 2477 subversionem
1090 2433 1163 2476 totius
1192 2431 1313 2477 societatis
1341 2429 1420 2474 civilis.

671 2524 1193 2536 ..............
1237 2489 1327 2546 (Caput
1343 2488 1423 2539 Vlll.)

701 2549 766 2605 D)-
776 2548 947 2595 lamentabilis
954 2551 998 2594 iste
1005 2558 1103 2596 eventus
1110 2551 1133 2595 in
1141 2550 1224 2601 primis
1229 2550 1286 2593 iavit
1293 2548 1425 2593 socialismt'

670 2610 789 2654 erroribus
804 2619 827 2653 et
848 2609 913 2654 fatali
929 2611 1099 2653 cummunismo
1117 2611 1208 2655 aditum
1228 2609 1329 2664 aperuit,
1351 2608 1423 2664 inspi-

670 2670 747 2713 rando
755 2677 779 2713 et
787 2669 915 2713 nutriendo
923 2670 1005 2713 odium
1014 2671 1037 2713 in
1048 2669 1203 2726 Religionem,
1212 2669 1234 2713 in
1245 2669 1422 2726 proprietatem.

670 2728 694 2771 in
705 2728 873 2773 auctoritatem
884 2742 982 2772 omnem
989 2762 1230 2773 .......
1265 2727 1356 2784 (carm
1365 2726 1424 2775 IX.)

701 2788 731 2839 E)
747 2812 776 2820 -
795 2789 936 2833 Perduratio
956 2788 1069 2833 facinoris
1089 2789 1112 2832 in
1135 2789 1273 2832 detentione
1296 2787 1382 2831 Romae
1401 2794 1430 2831 et'

669 2847 776 2891 conditio
791 2847 945 2892 intolerabilis
959 2848 983 2892 S.
1002 2846 1131 2896 Pontificis.
1156 2856 1294 2892 constanter
1308 2846 1426 2902 inquietu-

670 2907 751 2950 dinem
760 2908 904 2964 populorum
912 2907 1000 2953 fovent.
1007 2916 1030 2951 et
1038 2920 1131 2952 summe
1140 2907 1281 2963 perniciosae
1289 2914 1343 2950 sunt
1352 2905 1426 2949 socie-

432 2289 462 2335 11.

198 2351 238 2395 Du
256 2290 644 2396 rnracriiiiiieoaoautsarto·

169 2420 350 2456 urssocmuts.

671 2966 720 3015 tati,
734 2990 762 2997 -
774 2980 822 3010 non
834 2967 889 3010 dico
902 2966 1017 3011 Ecclesiae
1027 2967 1113 3015 solum.
1128 2992 1156 2998 -
1168 2966 1211 3010 sed
1226 2966 1299 3011 totius
1311 2964 1424 3020 Europae.

670 3026 718 3068 imo
729 3025 804 3082 ipsius
817 3026 893 3071 Italiae
924 3058 1247 3074 .........
1281 3024 1372 3082 (Caput
1382 3022 1426 3079 X.)

701 1657 731 1709 A)
743 1683 772 1690 -
785 1658 911 1703 Massones
922 1668 985 1711 sunt,
997 1673 1045 1704 nnn
1057 1660 1154 1715 genuini
1168 1660 1220 1704 itali
1235 1660 1275 1717 qui
1294 1660 1317 1703 in
1328 1659 1425 1704 exitium

702 3131 733 3187 A)
745 3157 773 3166 -
784 3134 822 3178 Ad
834 3134 942 3179 ordinem
953 3141 976 3178 et
987 3148 1097 3178 securam
1112 3147 1195 3190 pacem
1209 3132 1316 3177 societati
1331 3143 1427 3186 recupe-

673 3192 783 3243 randum,
791 3192 944 3251 principalior
951 3195 988 3238 via
995 3193 1166 3252 estarestitutio
1175 3193 1324 3249 Principatus
1330 3190 1353 3235 S.
1358 3190 1428 3233 Sedis

672 3260 696 3295 et
707 3254 840 3307 praesertim
854 3253 927 3297 Urbis
939 3253 1032 3297 Romae.
1067 3288 1072 3297 .
1110 3287 1115 3297 .
1147 3286 1152 3296 .
1187 3287 1192 3298 .
1227 3285 1233 3296 .
1267 3248 1427 3308 (CaputXl.)

704 3310 731 3367 B)
743 3336 772 3344 -
782 3313 821 3357 Ad
833 3313 1007 3357 restitutionem
1017 3313 1122 3357 Dominii
1134 3312 1157 3358 S.
1169 3311 1238 3357 Sedis
1246 3320 1269 3356 et
1277 3309 1427 3354 restauratio·

673 3382 728 3413 nem
745 3371 817 3416 totius
833 3373 922 3416 ordinis
938 3372 1041 3423 socialis,
1059 3372 1170 3429 primum,
1189 3370 1327 3428 principale,
1341 3370 1389 3413 imo
1405 3376 1428 3412 et

673 3430 768 3474 unicum
800 3432 951 3476 obstaculum
978 3440 1012 3476 est
1044 3431 1153 3476 malefica
1183 3439 1249 3475 secta
1279 3441 1426 3473 massonum.

675 3522 1236 3536 ...............
1256 3487 1428 3546 iCaputXll.)

704 3549 817 3607 C)-Per
824 3551 996 3595 restitutionem
1007 3551 1112 3595 Dominii
1121 3550 1143 3594 S.
1152 3549 1221 3593 Sedis
1230 3547 1430 3604 redintegrabitur

674 3625 702 3656 ac
713 3610 798 3654 iterum
808 3611 987 3654 consacrabitur
998 3611 1124 3666 pristinum
1139 3611 1178 3666 jus
1189 3607 1377 3655 intemationale.
1388 3619 1430 3663 per

338 3694 407 3739 PARS
425 3693 462 3737 ῃ)
675 3670 882 3714 aron-interventus
892 3670 1006 3726 placitum
1018 3670 1102 3714 misere
1113 3677 1261 3727 quassatum.
1272 3676 1295 3712 et
1307 3676 1359 3711 tuta
1370 3678 1429 3720 pace

199 3754 240 3798 DE
255 3763 349 3798 Mentis
364 3728 544 3798 mmmm
561 3762 647 3796 mm,
675 3730 719 3774 lrui
734 3743 763 3773 ac
776 3726 923 3773 efflorescere
939 3730 1026 3784 poterit
1039 3742 1086 3773 non
1098 3730 1174 3773 solum
1189 3728 1263 3778 Italia,
1277 3727 1320 3771 sed
1333 3725 1430 3779 Europa

167 3824 219 3858 m
229 3785 354 3858 (mim
363 3786 498 3857 &hum
507 3823 541 3856 ET
551 3786 647 3856 „Em
674 3799 698 3834 at
717 3802 747 3833 ue
758 3796 822 3832 totus
833 3798 947 3833 terrarum
959 3788 1030 3834 Orbis
1045 3821 1208 3833 .....
1242 3786 1331 3843 (Caput
1341 3783 1417 3850 XIII.¹
1423 3783 1429 3835 )

168 3883 184 3918 1.
188 3883 253 3919 mm
264 3844 340 3917 msc
342 3847 440 3919 Affl'ffl
448 3846 510 3918 δὸς,
513 3880 636 3916 AUSMUM
731 3848 900 3903 )-Studium
913 3849 1032 3892 sincerum
1047 3848 1153 3891 ltistoriae
1168 3854 1191 3890 et
1206 3845 1334 3899 singularis
1350 3843 1428 3887 Provi-

207 3904 213 3917 ¹
639 3906 644 3915 '
674 3908 764 3951 dentiae
774 3908 860 3951 exinde
872 3908 895 3951 in
909 3908 1070 3963 i'rineipatum
1083 3908 1105 3951 S.
1120 3906 1188 3950 Sedis
1199 3906 1340 3962 civilemque
1350 3902 1430 3946 Socie-

676 3976 749 4012 tatem
763 3966 909 4015 iiiucescens.
922 3968 1009 4011 clamat
1026 3967 1058 4011 ad
1074 3966 1271 4010 restaurationem
1287 3975 1428 4020 promoven·

675 4028 740 4076 dam.
754 4039 783 4069 ne
798 4027 905 4070 Societas
916 4027 961 4070 sub
976 4027 1066 4083 impetu
1077 4038 1183 4070 errorum
1195 4024 1319 4068 socialium
1335 4021 1429 4077 penitus

675 4088 746 4131 abeat
758 4085 781 4129 in
793 4087 886 4129 minam
888 4116 1212 4129 .........
1247 4082 1337 4139 (Caput
1345 4080 1385 4124 ‘t'r
1391 4078 1429 4135 V.)

706 4146 736 4201 E)
748 4168 776 4176 -
787 4148 941 4200 Quamquam
957 4144 1044 4188 modus
1058 4142 1140 4187 efficax
1157 4142 1285 4186 reducendi
1302 4140 1360 4184 iilud
1376 4151 1429 4182 cen·

675 4214 737 4249 tmm
749 4204 844 4247 firmum
859 4203 956 4248 Ordinis
970 4203 1072 4252 socialis.
1087 4202 1283 4246 Dominiumscii.
1297 4197 1430 4255 temporale

675 4266 698 4308 S.
713 4264 789 4313 Sedis,
800 4264 823 4307 in
835 4264 939 4307 comitiis
951 4263 994 4306 Dei
1007 4263 1071 4313 latet,
1082 4263 1178 4316 expedit
1189 4272 1269 4305 tamen
1280 4269 1306 4304 ut
1318 4265 1430 4303 monente

675 4333 698 4368 et
725 4324 850 4367 minitante
878 4323 1037 4370 Providentia.
1066 4322 1139 4366 bomo
1164 4321 1306 4365 christianus
1333 4317 1430 4373 arripiat

676 4383 782 4427 medium
804 4383 850 4427 hoc
870 4382 978 4426 salvandi
1000 4382 1139 4426 societatem
1157 4388 1181 4426 et
1199 4379 1299 4424 consilia
1318 4378 1382 4422 ineat
1400 4376 1430 4420 de

675 4443 816 4488 executione
827 4442 961 4487 necessaria
983 4473 1226 4486 .......
1261 4437 1352 4496 (Caput
1361 4436 1388 4480 X
1394 4435 1430 4493 V.)

197 4539 353 4585 concausto
364 4547 504 4583 practica.
519 4537 706 4582 cooranauua
718 4538 932 4582 Du0··1³uoaurs
943 4544 977 4578 ur
990 4543 1063 4579 rucis
1071 4533 1083 4549 '¹
1093 4543 1125 4584 et.
1136 4546 1183 4590 ope
1190 4545 1288 4589 precum
1296 4540 1432 4576 nostrarum

169 4616 242 4666 atque
251 4606 369 4657 laborum,
382 4606 468 4651 itemm
479 4615 521 4650 sta
533 4605 607 4650 Para
620 4606 680 4650 Rex
693 4605 792 4651 Rouau
806 4608 811 4650 i
