3496 5482
255 464 355 475 ιη..-
363 470 530 480 -...--..,...

816 474 893 481 ...00
904 475 912 482 .
943 475 1039 482 -——--
1051 476 1201 485 .-—..-....·-v
1212 478 1503 490 ...a-,n—--n-——ss-——n

676 536 799 586 CAPUT
827 537 1077 589 UNDEClMUM.

247 808 473 904 pontificiis;
503 810 762 886 confirmatum
795 812 862 887 luit
894 813 1159 911 plaudentibus
1193 817 1368 892 omnibus
1393 818 1506 892 totius

249 925 364 1000 Orbis
396 926 607 1024 Episcopis‚
633 956 706 1003 una
737 956 820 1003 cum
850 932 949 1006 veris
981 933 1058 1007 suis
1081 934 1225 1022 ovibus,
1247 935 1506 1009 confirmatum

247 1051 388 1127 iteratis
407 1047 737 1150 protestationibus
756 1066 919 1122 coetuum
947 1048 1225 1139 catholicorum,
1246 1052 1505 1127 confirmatum

245 1171 479 1268 argumentis
498 1195 600 1246 sanae
619 1166 783 1241 rationis.

296 1298 445 1372 Vanum
465 1315 524 1373 est
542 1312 805 1394 argumentum
838 1295 878 1367 in
906 1297 1139 1370 contrarium
1164 1298 1259 1373 velle
1288 1317 1459 1397 repetere
1484 1327 1507 1374 a

247 1415 373 1489 nescio
391 1441 465 1511 qua
482 1411 774 1511 praescriptione:
784 1412 847 1509 jus
866 1414 1138 1508 providentiale
1159 1416 1340 1493 Ecclesiae
1358 1418 1404 1492 ad
1428 1419 1506 1492 Do·

247 1530 400 1604 minium
420 1557 528 1605 suum
540 1527 746 1626 temporale
765 1531 1025 1616 necessarium,
1038 1556 1112 1605 non
1129 1536 1379 1628 praescribitur
1396 1563 1403 1610 :
1423 1561 1505 1632 per·

247 1665 371 1724 manet
390 1648 477 1723 illud
492 1650 555 1749 jus
573 1667 687 1746 atque
705 1647 883 1722 continuo
901 1647 1066 1723 divinam
1080 1650 1244 1748 appellat
1257 1653 1453 1753 justitiam.

295 1775 444 1850 Vanum
462 1800 615 1874 quoque
641 1791 742 1848 esset
773 1793 1036 1871 argumentum
1066 1775 1264 1854 desumere
1295 1805 1315 1852 a
1345 1780 1505 1877 paritate

243 1894 467 1970 conditionis
502 1895 614 1990 Papae
643 1918 727 1967 cum
755 1892 970 1966 conditione
1010 1892 1071 1966 illa
1101 1921 1214 1992 quam
1246 1897 1440 1972 subierunt
1467 1900 1503 1971 in

245 2011 368 2086 Gallia
386 2032 423 2088 et
442 2013 479 2088 in
503 2011 610 2087 ltalia
628 2028 684 2086 tot
704 2008 851 2084 familiae
865 2011 1121 2107 principalium
1150 2014 1399 2113 regnantium,
1413 2042 1504 2114 quo·

245 2153 325 2202 rum
339 2130 425 2228 jura
443 2130 490 2204 ad
509 2129 643 2205 solium
661 2127 839 2203 devoluta
859 2147 946 2203 sunt
964 2129 1011 2202 ad
1039 2130 1133 2205 alios
1161 2131 1221 2207 vel
1249 2133 1399 2230 penitus
1426 2135 1503 2210 exi·

246 2247 382 2321 nanita.

297 2365 386 2439 Non
406 2366 516 2439 datur
534 2365 671 2461 paritas
689 2363 915 2438 conditionis
930 2362 1012 2438 ulla.
1046 2365 1223 2441 Etenim:

292 2536 342 2547 -
361 2491 460 2565 Galli
478 2508 614 2587 sponte
632 2516 700 2564 sua
719 2490 875 2565 sormam
896 2507 1135 2566 mutaverunt
1152 2493 1323 2591 gubernii
1338 2495 1395 2570 sui
1411 2525 1419 2584 ;
1437 2522 1502 2593 po·

245 2609 352 2707 pulus
379 2628 502 2685 autem
526 2610 719 2683 Romanus
743 2607 791 2681 ab
818 2607 1031 2683 extrinseco
1050 2607 1117 2684 suit
1136 2611 1307 2710 agitatus,
1335 2631 1373 2688 et
1390 2614 1502 2690 adve-

245 2753 302 2801 nae
322 2728 503 2803 famosum
524 2726 658 2822 patrati
678 2742 765 2798 sunt
784 2723 1030 2821 plebiscitum.

292 2900 340 2910 -
361 2853 494 2929 Galliae
514 2853 615 2926 natio
633 2850 765 2926 saltem
785 2853 1039 2926 autonomiam
1058 2854 1224 2929 servavit
1243 2881 1348 2930 suam
1367 2886 1374 2943 ;
1394 2857 1502 2933 ltalia

241 3000 281 3048 se
292 2973 442 3049 tradidit
457 2991 738 3057 extraneo,nam
753 2970 887 3043 domus
901 2969 1100 3046 Sabaudiae
1116 2997 1351 3071 nequaquam
1370 2974 1502 3051 Italica

241 3111 309 3176 est,
330 3093 397 3166 sed
420 3091 632 3167 Helvetica.

292 3255 343 3267 —
377 3210 535 3306 Insuper
560 3211 621 3307 jus
656 3207 768 3304 Papae
798 3205 834 3279 in
866 3207 1027 3281 Romam
1060 3232 1134 3282 non
1164 3227 1222 3284 est
1254 3211 1413 3309 simplex
1438 3215 1502 3314 jus

238 3330 516 3429 jurisdictionis,
538 3330 605 3406 sed
624 3353 755 3402 verum
769 3328 832 3427 jus
853 3328 930 3402 heri
950 3353 1018 3403 seu
1045 3330 1277 3427 proprietarii
1298 3331 1334 3405 in
1355 3357 1501 3429 posses·
1580 3382 1586 3394 ·

242 3449 386 3523 sionem
406 3475 511 3523 suam
530 3447 735 3545 legitimam
754 3471 796 3519 ac
817 3448 1075 3522 necessariam.

293 3620 343 3631 -
357 3576 530 3649 Tandem
553 3575 675 3648 Roma
695 3597 768 3646 non
788 3590 845 3646 est
864 3597 923 3647 res
946 3571 1084 3655 Italica.
1093 3574 1159 3649 sed
1179 3575 1444 3672 patrimonium
1460 3575 1501 3652 S.

230 3688 354 3778 'Petri
371 3718 429 3767 res
448 3717 561 3776 sacra,
582 3690 629 3763 ad
647 3714 779 3762 omnes
799 3689 990 3785 pertinens
1010 3690 1181 3765 nationes
1208 3693 1420 3784 catholicas,
1439 3696 1503 3773 he·

245 3811 382 3884 reditas
401 3829 458 3885 est
476 3810 642 3884 omnium
661 3805 880 3881 saeculorum
899 3807 1196 3884 christianorum.

298 3938 349 4010 Et
367 3936 520 4010 violatio
539 3935 649 4032 hujus
675 3933 781 4031 juris,
810 3933 912 4030 quod
933 3951 991 4008 est
1021 3934 1170 4008 unicum
1199 3935 1235 4010 in
1263 3963 1402 4036 genere
1422 3964 1501 4026 suo,

246 4053 333 4128 illud
353 4053 528 4151 estquod
549 4069 624 4126 tam
644 4049 889 4124 vehementer
906 4051 1023 4148 agitat
1046 4076 1179 4128 omnes
1197 4073 1331 4152 gentes
1351 4054 1505 4130 catholi-

246 4198 308 4245 cas
326 4189 439 4268 atque
457 4196 606 4244 causam
626 4168 768 4266 praebet
786 4167 1007 4244 socialism0.

295 4312 327 4372 3.
349 4298 574 4393 Quantaque
592 4311 717 4370 exstat
736 4294 1060 4392 incompatibilitas
1080 4317 1120 4372 ut
1147 4324 1320 4396 unquam,
1342 4299 1506 4397 exempli

247 4417 374 4511 gratia,
409 4414 481 4488 ulla
512 4411 742 4487 intercedere
775 4432 902 4509 posset
930 4413 1141 4489 conciliatio
1175 4418 1315 4512 Papam
1346 4417 1444 4491 inter
1467 4436 1505 4492 et

252 4534 473 4608 Massones!
495 4532 647 4605 Etenim
659 4531 722 4628 qui
741 4532 882 4605 amicus
897 4532 1129 4619 Massonum,
1147 4533 1187 4607 fit
1200 4558 1330 4606 servus
1350 4559 1477 4609 eorum
1495 4563 1504 4621 ;

251 4651 428 4726 Summus
457 4670 581 4724 autem
614 4648 787 4723 Pontifex
817 4648 1026 4725 voluntarie
1052 4651 1234 4751 subjugo
1258 4650 1368 4752 hujus
1391 4670 1503 4728 sectae
