3496 5482
612 540 734 589 catur
762 539 953 588 uc'rnvuu.
1346 538 1409 605 191
1449 529 1453 535 ’

158 732 163 736 ·
209 699 390 796 “Ecquis
434 699 534 772 enim
580 697 676 771 ausit
718 696 883 782 inficiari,
922 694 1181 794 religiosorum
1229 694 1415 769 Ordinum
1504 796 1505 800 Ἰ

162 818 293 891 Romae
322 814 615 900 dissolutionem,
642 813 699 888 vel
733 814 963 888 arbitrariam
997 813 1257 886 tantummodo
1286 838 1415 887 eorum

158 936 369 1011 existentiae
394 933 665 1019 limitationem,
688 956 762 1006 non
778 931 897 1006 solum
914 931 1075 1004 Romani
1099 928 1290 1006 Pontificis
1308 930 1416 1007 liber·

159 1072 273 1129 tatem
294 1071 331 1127 et
351 1052 679 1150 independentiarn
710 1049 962 1148 pessumdare,
984 1075 1112 1124 verum
1133 1050 1246 1124 etiam
1269 1077 1316 1125 ex
1335 1051 1417 1150 ejus

161 1172 332 1246 manibus
364 1171 535 1268 abripere
572 1195 684 1244 unum
714 1195 734 1243 e
767 1167 1040 1265 potentioribus
1072 1167 1417 1267 efficacioribusque

162 1291 294 1365 mediis
307 1315 375 1387 pro
394 1287 614 1363 universalis
636 1287 817 1362 Ecclesiae
830 1287 1103 1385 gubernatione
1120 1285 1135 1361 ?

215 1426 234 1455 “
256 1417 291 1490 N
297 1442 383 1491 emo
395 1416 495 1490 enim
515 1440 589 1489 non
609 1414 688 1500 scit,
704 1413 1021 1511 quemadmodum
1041 1413 1251 1487 christianae
1271 1413 1418 1490 iamiliae

161 1552 330 1609 centrum
353 1535 474 1608 Roma
506 1554 574 1619 est,
608 1534 658 1606 ita
689 1530 885 1631 religiosas
912 1532 1055 1616 domos,
1087 1557 1171 1629 quae
1207 1531 1256 1606 ibi
1284 1553 1418 1608 erectae

162 1672 258 1739 sunt,
279 1670 449 1727 centrum
463 1651 630 1728 omnium
653 1649 839 1726 Ordinum
860 1668 898 1723 et
912 1649 1140 1748 singularum
1159 1652 1418 1750 congregatio·

164 1796 250 1846 num
267 1797 334 1868 per
345 1770 567 1845 catholicum
589 1769 733 1845 Orbem
745 1768 984 1843 existentium
1004 1769 1239 1844 constituere.

215 1897 353 1972 “Sunt
380 1898 472 1994 ipsae
503 1896 617 1970 veluti
643 1915 699 1970 tot
722 1895 932 1981 seminaria,
967 1894 1165 1970 indefessis
1197 1896 1419 1972 Pontificum

166 2017 421 2090 Romanorum
441 2015 538 2089 curis
569 2032 768 2098 exstructa,
786 2038 1035 2110 supremaque
1054 2013 1243 2110 pontificia
1262 2014 1420 2090 auctori·

163 2151 251 2220 tate,
268 2159 313 2208 ex
329 2159 403 2231 qua
422 2134 546 2218 vitam,
567 2130 811 2229 disciplinam,
833 2130 1103 2229 consiliumque
1123 2131 1305 2220 hauriunt,
1328 2152 1419 2209 tem·

165 2271 302 2350 perata.

218 2389 237 2418 ⁴⁴
255 2378 529 2476 Hujuscemodi
559 2377 695 2451 domus
712 2377 926 2451 constitutae
941 2398 1028 2450 sunt
1047 2378 1093 2450 ad
1110 2378 1365 2454 missionarios
1385 2380 1420 2453 in

165 2521 334 2594 quasque
350 2496 464 2571 Orbis
484 2515 611 2593 partes
627 2494 892 2569 immittendos.
907 2494 1014 2591 Quin¹
1030 2494 1184 2569 historia
1196 2497 1419 2583 consulatur,

166 2613 301 2688 sufficit
320 2612 510 2688 oculorum
541 2614 620 2688 acie
648 2612 769 2692 varias
791 2613 955 2710 Europae
976 2613 1149 2711 regiones
1173 2642 1216 2689 ac
1235 2614 1423 2715 inhospita

166 2732 280 2818 Asiae,
302 2732 452 2819 Airicae,
468 2733 654 2806 Americae
672 2751 786 2829 atque
809 2731 987 2806 Oceaniae
1015 2731 1139 2807 littora
1166 2733 1280 2821 obire,
1304 2734 1365 2808 ubi
1385 2753 1423 2809 et

132 2936 137 2947 ι
166 2850 278 2925 hodie
298 2849 499 2948 flagrantes
524 2851 583 2924 isti
607 2850 679 2924 Dei
701 2848 858 2922 ministri
877 2849 987 2934 vires,
1012 2848 1278 2938 valetudinem,
1307 2852 1423 2926 vitam

165 2993 315 3066 quoque
336 2968 371 3041 in
392 2968 615 3066 populorum
635 2966 833 3067 utilitatem
853 2967 1046 3042 devovent
1065 2994 1107 3041 ac
1126 2968 1294 3044 salutem.

220 3104 240 3134 “
254 3093 440 3191 jamvero,
463 3094 646 3193 religiosis
666 3094 701 3167 in
721 3093 827 3167 Urbe
857 3094 1064 3168 Ordinibus
1093 3094 1250 3183 abolitis,
1272 3095 1331 3172 vel
1347 3097 1424 3171 illo·

168 3238 248 3286 rum
275 3213 475 3287 existentia
511 3231 707 3298 coarctata,
730 3210 828 3284 haud
849 3210 927 3285 fieri
948 3211 1107 3309 amplius
1126 3215 1272 3311 poterit,
1295 3235 1334 3289 ut
1349 3216 1425 3313 pia-

168 3356 248 3405 rum
293 3328 551 3429 hujuscemodi
590 3330 864 3404 institutionum
902 3330 1110 3417 commoda,
1160 3331 1255 3406 sicut
1300 3332 1422 3421 hodie,

167 3468 347 3523 terrarum
362 3448 475 3522 Orbis
490 3448 711 3543 experiatur.

221 3585 241 3614 ⁴⁴
264 3573 475 3673 Religiosas
497 3574 628 3647 Romae
647 3577 781 3647 domus
799 3574 983 3673 abrogare
1002 3574 1092 3648 nihil
1118 3595 1175 3650 est
1193 3575 1293 3650 aliud
1312 3602 1424 3674 quam

167 3693 453 3767 communitates
469 3717 534 3788 per
549 3710 666 3766 totum
682 3710 861 3765 terrarum
878 3692 1021 3767 Orbem
1034 3694 1299 3769 disseminatas
1314 3697 1425 3770 inter·

146 3833 149 3839 ·
170 3837 294 3885 tmere.

221 3947 241 3976 ‘⁴
260 3935 729 4035 ReligiosorumOrdinum
743 3935 892 4010 inUrbe
907 3936 1060 4011 abolitio
1075 3960 1149 4010 non
1164 3939 1278 4013 modo
1293 3958 1426 4036 patens

169 4075 226 4131 est
241 4055 421 4153 injustitia
439 4079 529 4151 erga
542 4055 641 4128 viros
653 4055 700 4128 de
713 4053 811 4127 civili
827 4054 1006 4129 societate
1019 4055 1161 4153 optime
1176 4057 1338 4144 meritos,
1359 4058 1426 4132 sed

170 4197 259 4246 vera
278 4171 463 4257 violentia,
476 4173 539 4269 jus
558 4169 646 4244 illud
672 4194 858 4258 evertens,
874 4197 949 4269 quo
976 4172 1147 4248 catholici
1179 4175 1292 4248 totius
1312 4175 1427 4251 Orbis

168 4292 341 4364 nationes
360 4290 520 4364 invicem
537 4290 768 4389 colligantur.
794 4290 899 4363 Nihil
915 4310 972 4365 est
991 4291 1089 4365 aliud
1108 4317 1219 4389 quam
1235 4295 1426 4367 continua·

170 4408 223 4483 tio
241 4408 310 4481 diri
330 4407 425 4481 illius
455 4433 498 4481 ac
530 4408 834 4505 perniciosissimi
872 4409 1169 4497 machinamenti,
1187 4411 1290 4508 quod
1320 4438 1343 4484 a
1366 4412 1428 4485 die
1499 4494 1502 4501 ¹

170 4526 424 4623 occupationis
440 4526 555 4599 Urbis
574 4525 781 4610 struitur,in
797 4527 1027 4601 auctoritatis
1042 4527 1076 4599 N
1082 4546 1194 4601 ostrae
1214 4529 1427 4625 temporalis

171 4668 210 4719 et
232 4645 268 4718 in
283 4644 549 4720 detrimentum
571 4645 757 4743 praecipue
777 4645 940 4743 supremi
958 4644 1215 4744 Apostolatus‚
1236 4672 1305 4746 pro
1322 4648 1428 4748 cujus
