3496 5482
596 493 718 546 CAPUT
746 492 924 544 DECIMUM
951 491 1142 556 QUINTUM.
1424 495 1495 571 375

296 669 317 700 “
340 657 511 735 Ecclesia
531 657 606 735 Dei
625 657 672 730 ab
692 673 824 730 exortu
844 654 899 729 sui
924 679 1042 752 usque
1061 654 1108 728 ad
1127 652 1207 730 haec
1225 673 1404 754 tempora,
1420 657 1498 756 plu·

246 777 320 853 ries
339 776 523 864 tribulata,
543 793 581 851 et
599 775 737 874 pluries
755 772 909 848 liberata
923 790 990 847 est.
1014 772 1097 849 Nec
1116 798 1213 848 nunc
1227 799 1376 872 quoque
1391 775 1498 852 relin-

242 915 334 993 quet
352 895 541 970 Dominus
555 893 701 994 virgam
719 911 956 991 peccatorum
971 916 1083 988 super
1094 909 1233 968 sortem
1247 895 1493 992 justorum.-

246 1015 336 1090 Non
356 1032 415 1091 est
433 1014 654 1089 abbreviata
681 1036 813 1086 manus
834 1009 999 1097 Domini,
1020 1035 1088 1085 nec
1108 1010 1204 1085 lacta
1235 1029 1292 1087 est
1312 1012 1498 1110 impotens

242 1133 291 1206 ad
326 1132 559 1209 salvandum.
594 1130 787 1207 Liberabit
822 1146 860 1204 et
887 1129 958 1204 hoc
987 1147 1167 1228 tempore,
1200 1130 1342 1230 absque
1370 1132 1496 1220 dubio,

242 1277 420 1350 sponsam
440 1276 556 1338 suam,
586 1251 649 1349 qui
680 1273 750 1324 suo
768 1247 952 1348 sanguine
980 1248 1137 1323 redemit
1155 1273 1248 1336 eam,
1280 1274 1349 1326 suo
1366 1250 1498 1348 spiritu

242 1372 400 1460 dotavit,
422 1373 531 1448 donis
560 1371 776 1449 coelestibus
803 1368 1009 1458 exornavit,
1029 1369 1176 1445 dotavit
1203 1369 1442 1446 nihilominus
1460 1388 1499 1449 et

240 1493 397 1569 terrenis
418 1492 471 1594 (¹).
492 1493 510 1522 ”

294 1612 471 1688 Orandus
489 1630 603 1690 estet
622 1610 984 1712 peregrinationibus
1002 1608 1274 1708 supplicatoriis
1296 1610 1499 1709 placandus

241 1750 298 1808 est
320 1734 438 1811 Deus.
453 1735 555 1833 Quid
569 1754 627 1812 est
639 1761 704 1810 cur
717 1759 792 1809 non
805 1732 924 1808 filialis
936 1732 1056 1830 pietas
1072 1731 1108 1804 in
1130 1731 1278 1808 Patrem
1292 1733 1498 1808 animarum

243 1872 454 1931 nostrarum
471 1874 634 1956 cogeret,
655 1875 697 1932 ut
716 1856 810 1931 sicut
827 1853 927 1941 olim,
948 1852 985 1927 in
1007 1849 1163 1950 singulis
1186 1851 1371 1950 parochiis
1392 1870 1497 1950 quot·

242 1973 350 2046 annis
389 1974 565 2073 specialia
590 1976 764 2074 quaedam
806 1973 1045 2047 instituantur
1087 1967 1288 2067 placatoria
1322 1971 1499 2047 exercitia

242 2090 448 2188 spiritualia
479 2093 516 2168 in
545 2092 803 2170 liberationem
838 2088 1028 2167 Pontificis
1056 2105 1094 2163 et
1125 2087 1282 2164 salutem
1311 2089 1500 2167 societatis

240 2208 359 2284 civilis
376 2210 598 2289 catholicae?

201 2377 204 2380 -
294 2338 315 2368 ⁴⁶
339 2329 384 2404 ln
403 2328 517 2418 omni,
536 2330 589 2406 sic
608 2346 766 2407 testatus
784 2345 841 2405 est
859 2345 971 2405 antea
991 2327 1079 2403 Pius
1101 2327 1170 2431 IX,
1191 2343 1370 2402 terrarum
1390 2327 1502 2428 plaga

243 2473 293 2523 ex
321 2446 482 2525 infausto
501 2447 562 2524 illo
590 2450 652 2525 die
680 2463 906 2547 expugnatae
934 2445 1045 2543 hujus
1071 2446 1199 2533 Urbis,
1229 2445 1500 2523 christifideles

241 2566 403 2642 assiduis
421 2593 464 2642 ac
479 2568 709 2644 serventibus
728 2567 899 2664 precibus
920 2566 1142 2652 institerunt,
1156 2583 1333 2640 et—seu
1344 2565 1500 2662 publicis

242 2703 355 2783 atque
370 2685 511 2761 iteratis
523 2685 923 2785 supplicationibus-
934 2711 1000 2760 seu
1012 2684 1127 2760 sacris
1138 2683 1500 2782 peregrinationibus

242 2804 436 2901 susceptis,
450 2830 578 2880 -seu
598 2830 673 2879 non
692 2804 906 2880 intermisso
919 2803 966 2878 ad
988 2801 1178 2878 Ecclesias
1191 2826 1383 2888 concursu,
1400 2819 1437 2877 et
1451 2801 1499 2876 ad
1564 2822 1565 2826 ’

241 2940 558 2998 sacramentorum
587 2923 910 3021 participationem
941 2948 1104 3008 accessu,
1124 2921 1273 2996 —sive
1305 2919 1500 3018 praecipuis

241 3038 322 3115 aliis
353 3040 563 3116 christianae
594 3042 741 3117 virtutis
770 3043 955 3139 operibus,
987 3040 1034 3115 ad
1065 3041 1238 3116 thronum
1258 3039 1396 3114 divinae
1415 3039 1498 3115 Cle·

242 3159 393 3234 mentiae
411 3178 695 3259 perseveranter
712 3161 825 3248 adire,
846 3162 903 3237 sui
923 3161 1085 3235 muneris
1104 3185 1189 3236 esse
1207 3173 1393 3256 putarunt.

295 3287 314 3318 ‘¹
337 3277 473 3375 Neque
493 3303 584 3354 vero
603 3278 682 3354 haec
712 3279 907 3379 flagrantia
935 3279 1240 3377 deprecationum
1271 3276 1396 3353 studia
1421 3302 1498 3352 am·

241 3394 409 3492 plissimo
427 3395 526 3493 apud
549 3397 673 3472 Deum
694 3398 813 3475 fructu
830 3424 958 3474 carere
976 3414 1133 3496 possunt
1152 3393 1207 3498 (²).
1227 3396 1247 3425 ”
1297 3426 1300 3431 ⁴

291 3513 487 3592 Orandum
502 3531 559 3590 est
577 3514 672 3591 sicut
691 3517 796 3592 initio
817 3515 1008 3604 Ecclesiae,
1026 3535 1065 3592 ut
1096 3516 1204 3591 Deus
1224 3515 1355 3591 iterum
1377 3513 1499 3588 mittat

242 3632 431 3732 Angelum
446 3659 553 3709 suum
568 3653 607 3710 et
620 3635 740 3709 virum
756 3636 921 3710 dexterae
940 3661 1018 3710 suae
1032 3634 1206 3732 potentis,
1223 3634 1285 3731 qui
1304 3633 1404 3708 Petri
1419 3632 1498 3706 vin·

240 3750 322 3825 cula
341 3751 497 3851 frangat,
523 3776 708 3828 carcerem
737 3753 888 3849 aperiat,
907 3777 1069 3850 eumque
1087 3750 1314 3852 gaudentem
1334 3775 1377 3825 ac
1396 3748 1498 3823 inde·

241 3869 468 3966 pendentem
498 3870 679 3949 Ecclesiae
704 3870 845 3950 reddat,
878 3871 1016 3945 Exstat
1043 3870 1190 3969 insigne
1217 3866 1431 3965 exemplum
1460 3867 1497 3940 in

241 3986 413 4063 fidelibus
433 3989 619 4065 nascentis
636 3988 828 4077 Ecclesiae,
844 3988 1000 4089 dignum
1014 3988 1125 4087 plane
1142 3988 1243 4086 quod
1263 3987 1310 4062 sit
1324 3985 1498 4082 tempori-

242 4105 311 4178 bus
343 4106 474 4182 suturis
510 4107 547 4181 in
583 4107 830 4184 imitationem
866 4108 1110 4206 propositum.
1155 4107 1297 4192 Petrus,
1328 4103 1499 4178 Vicarius

241 4222 382 4299 Christi
422 4224 586 4312 Domini,
620 4251 789 4301 summus
832 4225 1012 4301 Ecclesiae
1054 4224 1237 4310 Antistes,
1271 4223 1308 4297 in
1352 4219 1500 4298 vincula
1611 4207 1615 4216 ’

242 4341 433 4439 conjectus
459 4341 568 4439 jussu
604 4344 770 4418 Herodis
789 4346 888 4444 regis
906 4344 1170 4430 scelestissimi,
1200 4361 1279 4419 erat
1292 4343 1369 4440 jam
1387 4356 1500 4416 certae

280 4581 302 4621 1.
322 4567 351 4621 S.
365 4568 512 4638 Bemard.,
526 4571 579 4640 Ep.
595 4585 646 4637 244
659 4573 700 4626 ad
710 4572 872 4628 conradum
886 4574 996 4645 Regem.

278 4661 302 4702 2.
324 4647 438 4719 Encycl.
457 4649 513 4706 Ubi
522 4667 581 4720 nos,
597 4665 607 4705 ι
614 4664 627 4722 5
643 4651 714 4708 Maii
731 4653 807 4719 1871.
