3496 5482
359 444 483 452 --—
1130 448 1610 465 &Qu-..-

358 511 430 578 2²4
720 576 722 580 .
764 511 858 561 rann
884 512 944 563 sm
972 513 1046 562 nux
1076 512 1203 564 nonu.

358 612 588 624 ⁹——-—-—.——-

219 753 221 757 .
357 673 427 748 erit
445 674 482 744 in
502 674 719 745 memoriam
739 696 918 745 revocare
938 688 1173 770 sequestrum
1193 677 1283 750 illud
1304 678 1612 775 Ephemeridum,

242 863 245 868 .
356 819 441 891 quae
461 792 603 889 priores
624 789 864 890 Encyclicam
892 791 1126 866 Sanctissimi
1148 794 1268 874 Patris
1284 796 1498 872 retulerunt.
1512 799 1613 898 Age-

356 911 464 985 batur
482 910 530 983 de
549 934 588 983 re
607 909 716 1006 plane
734 909 925 1006 spirituali,
940 910 1006 984 sed
1035 909 1120 984 hinc
1139 911 1274 987 inferre
1293 914 1348 988 las
1365 933 1423 990 est
1441 940 1612 1014 quaenam

337 1028 578 1112 ,Pontificem
609 1027 729 1126 ipsum
762 1053 843 1101 sors
876 1043 1053 1113 maneret,
1084 1029 1114 1102 si
1146 1029 1348 1129 aliquando
1379 1033 1476 1108 sacta
1511 1032 1614 1107 laicae

355 1148 553 1247 potestatis
571 1148 783 1244 vituperare
802 1164 1010 1246 cogeretur.

409 1267 594 1340 Praeterea
622 1265 719 1339 absit
739 1283 778 1339 ut
800 1265 972 1362 gubernii
1001 1265 1223 1354 adulatores,
1242 1267 1366 1367 legem
1387 1269 1612 1345 Cautionum

355 1387 407 1462 uti
427 1386 516 1484 quid
536 1385 822 1459 internetionale
841 1384 1090 1469 considerent,
1110 1365 1225 1483 quum
1246 1386 1330 1461 huic
1359 1387 1522 1464 indolem
1541 1389 1614 1464 dis·

354 1505 551 1605 positionis
583 1529 684 1578 mere
715 1495 945 1602 particularis
974 1523 1012 1580 et
1045 1488 1190 1579 ltaliam
1226 1505 1344 1580 solam
1382 1509 1614 1606 respicientis

354 1644 582 1727 agnoscant3
617 1625 717 1723 quod
750 1644 896 1700 constat
925 1652 972 1700 ex
1008 1625 1324 1702 declarationibus
1362 1630 1519 1703 ministri
1557 1630 1611 1703 M.

358 1730 602 1820 Mancini‘ad
629 1742 774 1841 legatos
803 1743 975 1842 gubernii
993 1743 1082 1817 olim
1103 1744 1236 1818 missis.
1261 1746 1417 1846 Ergone
1435 1749 1614 1822 securitas

357 1862 546 1938 Pontificis
568 1862 731 1960 Europae
750 1861 903 1935 minoris
923 1863 1101 1936 momenti
1122 1862 1270 1939 videtur
1298 1890 1341 1938 ac
1367 1864 1484 1939 libera
1513 1865 1614 1938 navi-r

353 1982 457 2083 gatio
476 1981 512 2053 in
531 1979 637 2076 aquis
659 1978 811 2052 Danubi
831 1996 869 2052 et
888 2005 953 2076 per
973 1977 1066 2054 freta
1096 1981 1206 2055 maris
1234 2007 1318 2079 quae
1345 1982 1471 2079 omnia
1496 1984 1614 2077 pactis

223 2082 226 2093 ’
255 2175 258 2180 ,
354 2095 700 2181 internationalibus
718 2096 965 2195 obsignantur
982 2094 1027 2197 (¹)
1045 2098 1060 2172 ?

404 2233 438 2294 5.
461 2216 539 2291 Sed
568 2233 720 2312 praestat
749 2215 877 2289 audire
906 2215 1120 2290 testimonia
1137 2236 1175 2291 et
1207 2217 1243 2289 in
1269 2218 1397 2315 primis
1419 2218 1612 2316 judicium,
1686 2259 1692 2275 ι

354 2337 455 2435 quod
474 2336 522 2409 de
537 2333 688 2408 lamosis
700 2333 780 2406 istis
796 2332 1042 2409 Cautionibus
1050 2333 1210 2432 judaicis
1227 2334 1309 2408 tulit
1324 2335 1405 2433 ipse
1420 2336 1614 2411 Romanus

358 2454 541 2541 Pontifex,
562 2453 681 2552 prima
692 2475 819 2527 earum
838 2453 989 2528 victima
1006 2481 1013 2541 ;
1033 2473 1185 2550 praestat
1198 2472 1327 2529 notare
1340 2456 1454 2530 verba
1469 2456 1615 2556 singula

318 2610 320 2615 >
356 2575 492 2674 quibus
512 2591 570 2648 est
589 2598 703 2647 usus:

409 2704 428 2732 “
441 2690 687 2788 Subalpinum
706 2691 938 2790 gubernium,
960 2692 1048 2766 dum
1068 2719 1116 2767 ex
1146 2719 1219 2767 una
1237 2709 1343 2790 parte
1366 2692 1511 2766 Urbem
1531 2718 1615 2789 pro·

356 2828 461 2910 perat
491 2810 586 2886 Orbi
619 2810 739 2884 lacere
771 2809 942 2897 fabulam,
976 2837 1023 2885 ex
1053 2810 1171 2886 altera
1200 2811 1248 2885 ad
1280 2811 1404 2885 lucum
1423 2811 1615 2886 catholicis

357 2930 564 3003 laciendum
585 2946 622 3002 et
640 2929 688 3001 ad
706 2953 836 3001 eorum
854 2930 1064 3003 anxietates
1082 2930 1280 3017 sedandas,
1296 2930 1332 3002 in
1351 2928 1558 3003 conflandis
1570 2920 1621 3001 ac'

254 3052 278 3068 “’
356 3047 543 3122 struendis
571 3046 736 3119 sutilibus
754 3046 977 3143 quibusdam
1007 3048 1303 3122 immunitatibus
1327 3065 1365 3120 et
1394 3046 1611 3144 privilegiis,

239 3232 242 3239 .
356 3195 440 3267 quae
458 3167 572 3266 vulgo
587 3178 608 3205 ‘¹
623 3167 865 3262 Guorenlzgsie
877 3166 893 3192 '¹
914 3167 1094 3252 dicuntur,
1103 3165 1309 3241 elaboravit
1323 3191 1369 3240 eo
1387 3165 1552 3251 consilio,
1575 3182 1616 3239 ut

357 3288 435 3362 haec
457 3286 580 3360 Nobis
598 3285 672 3358 sint
699 3284 735 3356 in
764 3283 885 3358 locum
905 3285 1024 3358 civilis
1046 3285 1289 3381 Principatus,
1310 3309 1384 3381 quo
1404 3308 1472 3357 nos
1500 3282 1614 3389 longa

1494 3403 1512 3429 ll

1468 3459 1475 3476 ι

357 3407 671 3482 machinationum
690 3406 787 3479 serie
805 3422 842 3479 et
856 3405 968 3479 armis
987 3403 1279 3501 parricidialibus
1299 3403 1403 3477 exuit
1421 3401 1466 3502 (²)

410 3528 471 3601 De
490 3526 618 3599 harum
640 3525 924 3620 concessionum
943 3543 1006 3598 aut
1026 3526 1237 3599 cautionum
1251 3525 1408 3609 invento,
1411 3525 1490 3622 jam
1503 3541 1614 3598 antea

355 3647 553 3744 scripserat
571 3645 669 3717 idem
692 3643 780 3715 Pius
804 3642 871 3716 lX¹
893 3643 938 3717 ad
972 3642 1393 3717 cardinalem-vicarium
1412 3670 1419 3716 :
1440 3652 1461 3682 “
1478 3643 1614 3716 luven-

356 3783 481 3839 tum...
517 3763 551 3836 in
584 3786 660 3859 quo
692 3761 855 3835 nescires
881 3762 1045 3860 quidem,
1080 3788 1168 3835 num
1206 3763 1410 3860 principem
1442 3761 1611 3835 obtineat

354 3881 475 3956 locum
493 3880 713 3966 absurditas,
734 3897 798 3953 aut
816 3880 1011 3967 calliditas,
1031 3898 1095 3954 aut
1127 3880 1342 3954 ludibrium.
1360 3880 1378 3908 '¹
1401 3879 1452 3954 Et
1471 3898 1614 3953 asserta

267 4049 269 4054 -
354 4026 420 4075 sua
439 4000 489 4074 ita
507 3998 640 4095 probat
658 3998 915 4072 sanctissimus
946 3999 1077 4073 Pater:
1100 3998 1261 4093 “Quum
1285 3999 1478 4073 concessio
1503 4016 1614 4094 pote·

352 4138 487 4195 statem
519 4118 680 4216 aliquam
714 4118 749 4191 in
782 4118 1012 4192 concedente
1039 4142 1129 4215 erga
1161 4116 1272 4203 illum,
1295 4117 1353 4190 cui
1384 4117 1610 4202 conceditur,

354 4225 485 4338 suapte
517 4255 647 4310 natura
677 4237 849 4334 requirat,
872 4236 1044 4333 huncque
1074 4237 1156 4334 ejus
1175 4236 1353 4332 potestati
1381 4254 1419 4309 et
1444 4236 1609 4322 arbitrio,

352 4356 484 4432 saltem
502 4354 626 4454 quoad
646 4380 723 4429 rem
751 4379 978 4439 concessam,
999 4353 1182 4452 subjiciat,
1206 4355 1416 4428 necessario
1444 4353 1612 4450 sequitur

327 4635 329 4640 .
393 4572 515 4641 carun
530 4589 560 4643 s.
567 4589 608 4658 J.‚
622 4599 641 4643 t.
655 4589 698 4655 64,
713 4606 738 4657 p.
758 4602 796 4655 14.

390 4681 414 4722 2.
430 4668 544 4738 Encycl.
563 4681 592 4738 ¹5
607 4668 674 4722 Maii
693 4669 769 4735 1871.
