3496 5482
657 564 780 615 cneus
808 563 1082 615 ouooscmun.
1429 566 1499 641 275

241 723 423 819 oppressi,
440 721 499 796 vel
519 722 565 795 de
580 721 823 796 concedendo
842 720 1024 819 regimine
1038 723 1247 823 domestico
1260 725 1503 824 (home-rule)

242 842 433 917 catholicis
449 841 752 929 Hibernis,aliter
765 868 808 915 ac
822 842 869 916 de
886 841 989 916 ltalis
1003 842 1269 918 ratiocinantur
1287 845 1499 920 Massones.

292 961 334 1036 Si
352 962 597 1059 aspirationes
617 960 793 1058 quaelibet
808 987 821 1058 J
829 986 870 1034 us
889 959 1059 1034 conferre
1073 961 1242 1036 dicendae
1261 980 1398 1049 essent,
1415 980 1502 1037 tunc

243 1096 281 1153 et
299 1103 377 1153 rem
397 1077 547 1154 alterius
570 1104 701 1176 rapere
719 1078 837 1151 cuivis
855 1079 1049 1174 appetenti
1071 1078 1197 1153 liceret
1216 1108 1224 1165 ;
1243 1079 1383 1154 licitum
1403 1097 1504 1155 esset

244 1195 446 1271 vindictam
475 1214 631 1295 patrare,
665 1196 805 1270 licitum
838 1194 1064 1281 calumniari,
1085 1196 1266 1283 occidere,
1291 1196 1501 1284 adulterari,

243 1332 313 1389 etc.
1413 1330 1416 1336 ’

294 1432 431 1518 Verbo,
452 1432 633 1530 quidquid
661 1448 840 1529 appareat
859 1431 967 1506 nobis
986 1430 1136 1517 bonum,
1158 1430 1258 1518 utile,
1273 1431 1502 1521 delectabile,

243 1552 369 1629 liceret
387 1571 576 1650 appetere,
597 1552 694 1626 velle
713 1570 750 1626 et
768 1577 898 1650 agere;
917 1570 955 1627 et
970 1551 1029 1626 ille
1048 1552 1111 1648 qui
1131 1578 1200 1627 nos
1214 1553 1262 1626 ab
1284 1579 1330 1628 eo
1349 1553 1504 1650 impedi·

244 1693 309 1759 ret,
332 1693 512 1771 tyrannus
530 1690 641 1755 esset,
657 1698 771 1771 quum
792 1689 930 1746 nostrae
945 1670 1130 1746 felicitatis
1149 1673 1433 1759 assecutionem,
1455 1672 1503 1746 ad
1520 1707 1522 1711 ¹

245 1817 355 1889 quam
372 1789 591 1866 naturaliter
609 1810 645 1865 et
661 1790 827 1888 legitime
843 1790 1041 1874 tendimus,
1063 1790 1288 1886 prohiberet.

299 1908 359 1981 En
392 1907 439 1981 ad
468 1934 581 2006 quem
609 1907 875 2005 principiorum
912 1907 1027 1981 chaos
1062 1906 1272 1981 referuntur
1304 1905 1504 2003 populares

246 2028 496 2124 aspirationes
527 2054 620 2125 quas
653 2028 820 2126 Legatus
851 2025 1292 2100 Victoris-Emmanualis
1315 2044 1505 2123 tamquam

247 2145 397 2225 titulum
412 2147 619 2244 occupandi
641 2147 802 2220 Romam
825 2146 892 2219 Pio
915 2145 972 2218 lX
986 2162 1175 2221 ausus'est
1193 2169 1416 2244 proponere.

299 2268 407 2341 Talia
426 2267 605 2365 principia
624 2267 753 2364 utique
771 2266 891 2365 logice
910 2265 1123 2340 conducunt
1141 2267 1189 2341 ad
1209 2263 1502 2351 naturalismum,

244 2387 566 2474 communismum,
588 2385 836 2460 socialismum
865 2404 902 2460 et
927 2385 998 2459 alia
1029 2385 1198 2484 ejusdem
1219 2384 1367 2458 lurluris
1385 2400 1506 2482 syste·.

246 2522 369 2591 mata;
395 2505 469 2578 imo
495 2504 634 2603 gradus
664 2503 898 2578 constituunt
916 2504 964 2577 ad
983 2503 1258 2600 pantheismum
1279 2501 1337 2577 vel
1368 2502 1504 2578 atheis·

246 2650 347 2699 mum
365 2652 372 2712 ;
393 2651 477 2700 nam
500 2627 606 2701 Deus
636 2642 736 2700 esset
763 2643 891 2700 noster
922 2643 1126 2722 tyrannus;
1146 2624 1307 2722 ideoque
1335 2623 1395 2699 vel
1428 2649 1505 2699 non

246 2762 355 2829 esset,
377 2742 437 2819 vel
453 2770 521 2819 nos
549 2744 618 2842 ipsi
637 2744 688 2818 dii
704 2769 872 2819 essemus
892 2741 946 2842 (¹).

297 2861 403 2959 Ergo
421 2881 609 2959 tamquam
630 2860 758 2935 titulus
776 2861 823 2935 ad
847 2860 1002 2947 Urbem,
1024 2859 1260 2958 reliquasque
1290 2857 1504 2934 Pontificias

245 2978 456 3075 provincias
474 2979 586 3054 armis
605 2977 879 3078 aggrediendas
898 2977 1065 3052 exhibita
1080 2976 1147 3052 luit
1162 2977 1339 3076 aspiratio
1351 2975 1504 3075 popula·

247 3098 306 3184 ris,
319 3100 383 3172 cui
397 3100 524 3173 resisti
534 3124 606 3172 non
615 3106 749 3195 posset.

297 3217 399 3312 Quid
419 3235 542 3292 autem
562 3216 711 3291 luerunt
729 3232 767 3290 et
785 3231 872 3289 sunt
890 3214 1137 3312 aspirationes
1153 3215 1234 3288 istae
1253 3213 1505 3296 irresistibiles

247 3336 402 3433 infacto
420 3335 664 3411 consideratae
682 3334 697 3408 ?

299 3452 464 3530 Primum
484 3456 676 3531 sciendum
690 3472 747 3530 est
763 3451 912 3528 Italicos
930 3449 1090 3550 populos
1114 3449 1174 3549 (iis
1190 3451 1357 3549 exceptis
1372 3451 1503 3539 atheis,

246 3574 310 3672 qui
328 3593 473 3671 partem
492 3574 652 3672 aliquam
682 3573 718 3646 in
749 3570 930 3670 regimine
962 3567 1171 3643 massonico
1203 3569 1313 3667 hujus
1341 3566 1505 3666 regionis

246 3694 388 3769 habent
410 3693 469 3769 vel
499 3695 546 3768 ad
566 3692 654 3767 illud
682 3688 874 3790 aspirant),
899 3714 984 3764 esse
1009 3686 1224 3774 catholicos,
1246 3687 1406 3784 ideoque
1428 3711 1504 3760 non

247 3814 470 3910 aspiratores
498 3813 545 3885 ad
575 3810 695 3886 aliena
719 3811 805 3909 jura
833 3806 1055 3892 invadenda,
1087 3805 1280 3902 multoque
1310 3802 1503 3880 minusad

248 3930 455 4029 usurpanda
467 3931 553 4029 jura
565 3927 795 4027 Apostolicae
810 3926 937 4013 Sedis;
952 3926 989 3999 hi
1004 3924 1103 3999 enim
1118 3949 1192 3998 non
1206 3923 1319 3998 modo
1334 3921 1503 3998 Pontifici

248 4076 322 4124 non
341 4048 532 4136 bellarent,
553 4047 619 4123 sed
639 4047 762 4144 potius
782 4070 850 4143 pro
872 4044 972 4119 Petri
992 4042 1093 4117 Sede
1112 4042 1333 4140 sanguinem
1354 4042 1504 4139 prolun-

247 4170 389 4244 derent.

296 4290 358 4365 Sic
387 4289 467 4363 aliis
495 4287 699 4385 optandum
730 4284 799 4359 luit
827 4285 923 4358 inter
951 4281 1117 4378 praelium
1136 4281 1445 4357 committendum
1465 4300 1504 4358 et

248 4433 376 4482 necem
395 4434 417 4480 a
435 4407 566 4481 sicario
594 4403 826 4478 subeundam
849 4399 909 4501 (²);
928 4400 1008 4473 aliis
1027 4424 1117 4474 vero
1142 4397 1307 4496 pluribus
1327 4399 1503 4475 militibus

287 4590 306 4629 t.
321 4571 468 4638 Avanzini,
480 4572 555 4624 Acta
567 4570 596 4623 S.
611 4570 704 4638 Sedis,
714 4580 733 4625 t.
746 4570 772 4637 6,
786 4586 812 4639 p.
824 4580 885 4636 253.

281 4669 305 4708 2.
324 4652 402 4708 Hr'st.
414 4651 449 4705 de
462 4651 512 4705 Pie
523 4649 578 4716 IX,
591 4649 671 4705 Alex.
692 4648 728 4704 de
751 4644 959 4713 saint-Albain,
974 4645 1014 4713 11,
1027 4662 1053 4715 p.
1069 4656 1128 4714 337.
1144 4641 1240 4697 Lettre
1257 4642 1328 4696 dun
1346 4643 1505 4698 volontaire

242 4732 431 4802 gan'baldien.
