3496 5482
607 1103 820 1184 CAPUT
849 1103 1143 1183 PRIMUM.

313 1255 661 1339 Summarium
683 1253 837 1335 totius
857 1254 1154 1354 quaestionis
1175 1259 1433 1350 Romanae,

310 1401 425 1481 quae
446 1382 660 1462 maximi
686 1388 760 1463 est
788 1383 1052 1476 momenti,
1071 1387 1223 1483 alque
1247 1383 1308 1463 ab
1336 1383 1440 1464 alto

737 1510 1008 1590 tractanda.

287 1769 313 1826 l.
330 1767 477 1825 Aballo
493 1767 764 1838 incipiendum.
786 1799 826 1808 —
838 1765 873 1823 2.
892 1767 937 1824 Et
952 1778 1192 1840 nequaquam
1208 1781 1251 1825 ac
1272 1769 1303 1825 sl
1329 1772 1505 1838 ageretur

243 1874 290 1934 de
311 1875 459 1934 sublato
475 1875 688 1947 principatu
702 1874 803 1932 civili
820 1873 980 1944 alicujus
1004 1874 1177 1946 Episcopi
1193 1874 1308 1933 medii
1332 1875 1416 1949 aevi,
1442 1876 1503 1933 vel

243 1981 395 2039 iamlliae
411 1982 602 2051 regnantis
623 1985 687 2039 aut
711 1980 980 2038 demutatione
1002 1980 1134 2037 formae
1148 1980 1420 2050 gubernli.-3.
1450 1983 1503 2039 De
1602 1964 1606 1975 ’

242 2091 358 2149 regno
375 2079 526 2154 Christi,
544 2092 609 2137 seu
626 2081 673 2137 de
698 2078 874 2151 Ecclesia,
892 2080 1025 2147 agitur.
1049 2110 1089 2119 -
1111 2077 1146 2137 4.
1165 2079 1248 2136 imo
1264 2079 1310 2137 de
1326 2092 1368 2137 re
1384 2082 1503 2145 nostra,

242 2183 290 2244 de
304 2185 432 2260 Roma,
447 2199 534 2257 quae
560 2185 606 2243 ad
623 2185 762 2245 Orbem
778 2184 1006 2242 catholicum
1023 2190 1177 2260 spectat,
1195 2190 1232 2243 et
1250 2184 1413 2244 debono
1430 2198 1502 2256 pu-

243 2291 342 2351 blico
358 2292 474 2350 totius
489 2291 686 2349 societatis.
703 2325 742 2332 -
754 2290 786 2350 5.
805 2289 927 2349 Radix
948 2304 1013 2348 seu
1030 2294 1126 2350 ratio
1141 2292 1257 2364 hujus
1270 2292 1504 2363 principatus

243 2398 365 2457 civilis
379 2403 435 2456 est
446 2398 647 2468 singularis
665 2398 897 2457 PrimatusS.
918 2398 1028 2456 Petri.
1046 2433 1086 2440 --
1108 2397 1140 2456 6.
1160 2395 1392 2457 Differentiae
1405 2397 1504 2455 inter

237 2504 543 2578 jurisdictionem
556 2504 595 2565 Β.
611 2505 712 2563 Petri
727 2509 764 2561 et
780 2508 994 2562 ceterorum
1009 2505 1285 2575 Apostolorum.
1304 2537 1342 2546 -
1354 2504 1387 2564 7.
1405 2504 1504 2575 Papa

241 2615 297 2671 est
312 2624 506 2670 successor
521 2611 556 2671 S.
574 2611 672 2670 Petri
694 2610 733 2668 in
749 2612 881 2669 eodem
908 2611 1087 2670 Primatu.
1104 2644 1141 2653 -
1159 2612 1191 2670 8.
1208 2612 1271 2669 Est
1288 2623 1375 2681 ergo
1395 2612 1504 2668 Pater

242 2731 385 2792 regum,
401 2718 668 2792 RectororbiS‚
686 2717 855 2775 vicarius
869 2716 1065 2776 Christi.ss
1080 2719 1112 2779 9.
1130 2719 1370 2791 Quapropter
1380 2715 1503 2775 civilis

241 2825 324 2896 ejus
353 2830 517 2896 potestas
532 2824 646 2882 habet
669 2837 820 2881 causam
850 2824 921 2882 sibi
948 2824 1193 2882 intrinsecam
1216 2829 1253 2881 et
1283 2825 1394 2881 unice
1410 2835 1502 2894 pro-

241 2932 385 3001 priam:
411 2931 633 3001 dignitatem
657 2936 694 2989 et
720 2930 935 2988 libertatem
960 2931 1158 2989 Primatus.
1186 2963 1225 2972 -
1254 2930 1306 2990 10.
1334 2930 1377 2987 Et
1404 2929 1500 3003 ideo,

242 3042 415 3112 quamvis
426 3043 474 3097 sit
487 3041 715 3115 temporalis,
730 3040 914 3098 rationem
930 3046 1054 3098 tamen
1070 3041 1193 3099 induit
1205 3040 1450 3112 spiritualem.
1464 3071 1503 3080 -

244 3149 291 3207 ll.
310 3147 526 3205 Necessaria
541 3152 595 3205 est
610 3148 822 3218 praesertim
838 3148 978 3207 saeculo
993 3152 1125 3207 nostro
1149 3149 1365 3207 socialismi.
1381 3182 1422 3191 -
1446 3147 1501 3206 12.

243 3252 369 3311 Donec
387 3252 523 3311 misera
535 3252 570 3312 S.
588 3254 693 3312 Sedis
708 3254 876 3312 conditio
902 3255 1079 3325 manebit,
1095 3256 1168 3313 tria
1191 3259 1302 3313 erunt
1317 3268 1403 3326 quae
1426 3253 1500 3311 lm-

241 3359 395 3431 pedient
420 3359 673 3417 universalem
697 3364 734 3418 et
763 3361 996 3433 completum
1019 3362 1195 3421 Ecclesiae
1219 3361 1267 3420 de
1289 3360 1500 3419 socialismo

242 3466 492 3537 triumphum.

297 3736 325 3794 l.
349 3722 425 3796 Ubi
459 3724 608 3797 tractari
642 3724 769 3821 incipit
797 3726 845 3800 de
878 3726 1072 3825 temporali
1098 3726 1265 3801 dominio
1302 3724 1415 3812 Illius,
1436 3727 1500 3823 qui

243 3839 382 3915 Christi
402 3841 570 3914 Vicarius
584 3860 642 3915 est
661 3842 719 3915 hic
739 3842 774 3914 in
794 3845 910 3930 terris,
932 3865 1080 3942 oportet
1096 3845 1237 3942 praevie
1263 3844 1500 3940 deponamus

242 3985 373 4034 omnes
401 3961 634 4060 nugacitates
666 3980 703 4035 et
732 3961 859 4058 procul
891 3965 1108 4062 abjiciamus
1128 3965 1305 4037 arctiores
1326 3963 1498 4036 notiones

242 4103 506 4175 quascumque.
529 4080 590 4153 Ab
609 4078 684 4152 alto
704 4082 896 4154 tractanda
915 4101 971 4155 est
985 4083 1064 4154 haec
1080 4079 1494 4177 momentosaquaestio‚

243 4213 282 4269 ut
301 4195 446 4291 scripsit
465 4196 545 4293 ipse
567 4197 646 4269 Leo
668 4197 770 4269 XIII
792 4210 836 4270 :“
860 4198 1042 4297 intelligis
1061 4200 1189 4296 quanti
1210 4200 1257 4270 sit
1276 4198 1404 4270 videre
1417 4196 1497 4270 dili-

242 4333 385 4415 genter,
407 4342 453 4390 ne
472 4343 602 4389 caussa
625 4318 785 4390 Romani
809 4319 1048 4392 Pontificatns
1074 4322 1109 4391 in
1130 4318 1385 4418 angustiorem
1401 4343 1498 4390 cam·

244 4461 333 4532 pum
352 4436 596 4532 disceptando
625 4456 789 4535 cogatur.
817 4440 1000 4513 Videlicet
1020 4459 1166 4536 oportet
1193 4440 1228 4511 in
1250 4437 1401 4535 negotio
1421 4457 1496 4510 tam

244 4553 360 4653 gravi,
383 4579 456 4627 non
472 4555 646 4628 iudicium
662 4582 708 4628 ex
723 4558 870 4631 eventis
886 4584 1007 4632 rerum
1025 4557 1263 4630 mutabilibus
1283 4555 1414 4639 Iacere,
1428 4556 1495 4628 sed

246 4692 417 4771 repetere
448 4673 555 4747 altius
576 4675 747 4763 rationes,
779 4681 952 4775 serioque
983 4676 1215 4774 perpendere
1239 4673 1329 4773 quid
1359 4673 1497 4748 iustitia
