3496 5482
396 430 971 444 Ψ--σο--ῇᾳ--ῇ--φ
995 429 1028 435 ..-
1218 429 1369 436 .—..--—0-·-
1390 429 1419 434 —
1437 428 1448 434 ο
1477 430 1492 434 -
1522 431 1528 433 >
1570 430 1656 435 -,-.

393 479 467 571 384
801 491 893 541 mm
920 489 979 540 sir
1008 489 1081 538 nex
1113 489 1238 540 nomm.

389 655 618 741 clmritatcm,
638 678 723 752 quae
741 650 822 725 sola
847 675 966 747 capax
984 666 1041 723 est
1062 649 1236 723 nectendi
1255 646 1441 722 vinculum
1462 649 1659 723 sincerum

391 791 429 850 et
458 799 624 873 perenne
655 773 752 847 inter
781 769 972 844 hominem
1002 786 1040 843 et
1069 769 1279 866 proximum
1310 793 1430 855 suum,
1450 767 1542 866 quia
1572 767 1660 841 sola

391 892 572 968 charitate
590 890 719 966 divina
750 888 873 964 nitens
892 903 933 961 ut
951 885 1159 984 Apostolus
1188 886 1259 962 fert
1278 885 1323 986 (¹)
1344 913 1353 961 ε
1373 896 1392 927 “
1413 887 1562 984 patiens
1581 903 1657 972 est,

391 1010 556 1111 benigna
573 1028 642 1094 est,
663 1033 737 1083 non
756 1004 960 1092 aemulatur,
976 1028 1051 1079 non
1069 1005 1147 1103 agit
1167 1030 1373 1103 perperam,
1392 1028 1466 1079 non
1487 1004 1656 1090 inflatur,

391 1154 467 1204 non
499 1145 557 1203 est
575 1126 783 1212 ambitiosa,
806 1147 880 1198 non
898 1123 1032 1222 quaerit
1053 1149 1138 1220 quae
1155 1148 1224 1197 sua
1254 1141 1351 1209 sunt,
1374 1147 1448 1196 non
1474 1123 1658 1209 irritatur,

391 1271 466 1322 non
484 1246 626 1346 cogitat
645 1243 794 1330 malum,
816 1267 891 1316 non
909 1240 1050 1341 gaudet
1077 1265 1191 1339 super
1209 1240 1415 1339 iniquitate,
1436 1241 1659 1340 congaudet

391 1382 517 1440 autem
541 1362 689 1439 veritati
710 1360 793 1462 (²).”

443 1482 567 1579 Quem
582 1481 733 1580 quidem
749 1479 891 1554 exitum
904 1476 1135 1575 probabilem
1148 1477 1360 1575 prospicere
1371 1477 1547 1553 videntur
1559 1503 1659 1553 non-

392 1600 482 1676 nulli
500 1627 547 1677 ex
559 1597 775 1700 gregalibus
795 1615 908 1672 sectae
926 1616 964 1671 et
982 1623 1030 1672 ex
1044 1593 1195 1670 asseclis
1209 1596 1465 1670 associationis
1481 1596 1656 1670 lnterna-

392 1718 540 1795 tionalis
558 1716 824 1817 operariorum.
845 1724 866 1754 “
880 1714 1094 1789 Sectatores
1125 1712 1349 1799 liberalismi,
1371 1714 1422 1789 ita
1439 1713 1658 1789 exclamare

392 1863 505 1912 ausus
528 1853 587 1911 est
616 1833 768 1932 quidam
804 1832 1095 1930 Antverpiensis
1137 1832 1174 1905 in
1205 1857 1410 1930 congressu
1445 1830 1657 1906 socialista·

393 1981 472 2029 rum
492 1978 591 2028 anno
616 1954 709 2044 1878
729 1949 905 2024 Gandavi
925 1948 1064 2036 habito,
1084 1966 1149 2024 aut
1166 1948 1465 2048 profligabuntur
1486 1966 1551 2025 aut
1569 1974 1658 2023 cur·

392 2073 469 2148 vati
484 2071 555 2146 sub
568 2070 665 2169 jugo
683 2068 907 2143 reducentur
925 2093 947 2141 a
966 2067 1074 2140 nobis
1091 2095 1100 2153 ;
1119 2092 1186 2141 nec
1198 2086 1324 2142 tamen
1342 2065 1513 2143 catholici
1526 2093 1657 2166 neque

395 2188 565 2268 Ecclesia
587 2191 758 2263 Romana
771 2188 906 2286 jugum
926 2204 1093 2260 nostrum
1112 2186 1290 2261 subibunt
1308 2212 1472 2284 unquam
1488 2185 1556 2285 (ΞΗ
1583 2187 1600 2214 ”

440 2321 479 2383 4.
493 2310 567 2383 Ast
597 2323 739 2383 crescet
756 2330 908 2403 quoque
936 2304 973 2377 in
1003 2305 1226 2379 immensum
1261 2303 1395 2378 fiducia
1424 2302 1654 2402 populorum

392 2446 506 2526 atque
526 2423 775 2500 “sollicitudo
816 2424 852 2496 in
888 2420 1147 2520 Apostolicam
1176 2421 1316 2496 Sedem
1352 2440 1390 2497 et
1421 2422 1654 2519 Supremum

396 2547 590 2620 Pastorem
610 2542 781 2617 excitata.
797 2539 816 2570 ’³
834 2541 982 2616 Revera
1012 2566 1084 2615 non
1104 2540 1251 2626 desunt,
1265 2540 1340 2614 imo
1354 2540 1557 2626 abundant,
1577 2559 1654 2614 tes-

394 2663 548 2739 timonia
579 2661 706 2735 divina
736 2659 871 2756 quibus
900 2659 1058 2756 probata
1091 2659 1270 2733 divinitus
1302 2677 1455 2756 apparet
1491 2657 1655 2757 singulis

392 2781 561 2857 doctrina
583 2778 764 2854 Ecclesiae
786 2778 978 2864 Romanae,
995 2778 1063 2853 sed
1092 2796 1241 2875 oportet
1271 2779 1384 2852 etiam
1414 2779 1451 2852 in
1480 2778 1582 2852 diem
1612 2797 1655 2853 et

391 2925 515 2975 coram
535 2897 747 2973 nationibus
765 2897 939 2970 omnibus
963 2896 1097 2971 clarius
1117 2897 1383 2984 manifestetur,
1408 2922 1474 2994 per
1490 2914 1652 2970 tractum

392 3021 620 3107 saeculorum,
639 3020 824 3117 ipsissima
842 3018 965 3093 vitalis
982 3044 1025 3093 ac
1044 3014 1205 3117 superna
1234 3021 1360 3106 virtus,
1385 3045 1459 3118 qua
1479 3017 1654 3093 Ecclesia

397 3196 468 3204 ———
482 3195 527 3201 -v
541 3195 701 3201 ——...

432 3296 452 3336 r.
464 3280 481 3307 “
493 3281 538 3334 On
560 3279 682 3335 attribue
695 3281 713 3333 a
725 3279 867 3335 certaines
888 3297 960 3334 eaux
986 3281 1013 3335 la
1037 3281 1178 3351 propriete
1192 3282 1228 3336 de
1250 3279 1400 3336 dissoudre
1418 3291 1482 3333 tous
1496 3279 1537 3334 les
1556 3293 1654 3347 corps,
1714 3303 1716 3306 ·

392 3360 509 3430 excepte
517 3361 573 3415 l’or.
595 3360 650 3413 Par
662 3375 714 3414 son
724 3359 811 3428 esprit
825 3360 861 3413 de
871 3360 1051 3429 scepticisme
1066 3370 1093 3415 et
1103 3359 1307 3426 d’incredulite',
1320 3360 1348 3413 la
1360 3357 1655 3427 FranoMaconnerie

393 3440 501 3495 semble
520 3439 579 3494 etre
593 3456 648 3493 une
661 3439 697 3493 de
710 3455 758 3492 ces
778 3455 857 3493 eaux.
873 3439 936 3493 Elle
955 3450 998 3493 est
1012 3457 1048 3493 en
1062 3440 1136 3493 tmin
1150 3441 1185 3495 de
1199 3440 1351 3495 dissoudre
1368 3449 1462 3494 tontes
1481 3438 1521 3492 les
1540 3436 1653 3491 fausses

393 3519 535 3589 religions,
549 3527 642 3572 tontes
656 3518 697 3572 les
717 3518 891 3572 institutions
906 3519 1007 3573 basees
1021 3537 1069 3573 sur
1086 3519 1200 3591 l’erreur
1218 3531 1245 3574 et
1259 3520 1285 3574 le
1302 3534 1458 3586 mensonge
1470 3536 1477 3571 z
1491 3526 1653 3587 protestan-

392 3600 475 3656 tisme
494 3595 637 3652 allemand
647 3607 675 3651 et
688 3596 830 3665 anglican,
843 3596 967 3651 schisma
979 3615 1057 3665 grec,
1070 3599 1269 3665 bouddhisme,
1289 3598 1516 3662 mahome'tisme,
1529 3595 1589 3650 rien
1616 3593 1653 3648 de

392 3688 452 3732 tout
466 3678 527 3731 cela
540 3693 576 3730 ne
589 3675 721 3730 resistera
734 3678 751 3728 a
762 3677 831 3729 l’eau
845 3676 1028 3731 dissolvante.
1047 3677 1113 3731 Seul
1129 3678 1155 3732 le
1168 3678 1371 3745 catholicisme,
1385 3675 1479 3732 cea-d,
1490 3677 1518 3729 la
1530 3674 1652 3743 religion

389 3756 566 3826 cbretienne,
581 3755 687 3824 gardee
704 3764 731 3809 et
745 3754 916 3824 interpretee
929 3773 980 3824 par
993 3744 1109 3824 l’Eglise
1121 3758 1270 3825 Romaine,
1283 3774 1319 3810 ne
1333 3773 1363 3811 se
1376 3755 1495 3810 laissera
1509 3754 1589 3824 point
1602 3769 1653 3807 en-

393 3847 491 3891 tamer.
507 3836 554 3889 On
567 3834 593 3889 le
615 3850 696 3887 verra
715 3834 830 3888 resistet
855 3852 909 3887 aux
927 3852 1088 3904 promesses
1109 3853 1221 3890 comme
1246 3854 1301 3891 aux
1329 3852 1472 3900 menaces,
1494 3851 1549 3887 nux
1571 3850 1653 3887 ruses

393 3931 505 3969 comme
517 3915 535 3968 a
546 3914 576 3967 la
596 3912 732 3980 violence,
746 3929 801 3965 aux
814 3913 978 3968 seductions
997 3915 1033 3969 de
1055 3916 1168 3969 l’erreur
1180 3932 1294 3971 comme
1307 3933 1361 3970 aux
1376 3915 1599 3970 entrainements
1613 3912 1652 3966 du

394 3994 463 4049 vice.
478 3992 606 4063 Frappes
615 3992 652 4069 de
664 4009 697 4047 ce
707 3991 849 4062 spectacle
862 3993 992 4060 sublime,
999 3995 1039 4048 les
1051 3995 1157 4064 esprits
1169 3995 1278 4062 senses,
1291 3995 1333 4049 les
1345 4010 1438 4049 coeurs
1449 3992 1539 4048 droits
1552 4009 1653 4046 recon-

393 4075 518 4128 naltront
531 4088 567 4126 en
578 4072 616 4125 lui
630 4071 657 4125 la
666 4072 743 4126 seule
763 4070 881 4140 religion
896 4071 1001 4139 divine,
1014 4084 1042 4127 et
1056 4072 1090 4126 ils
1104 4090 1135 4127 se
1149 4076 1342 4129 convertiront
1356 4073 1554 4127 sincerement.
1566 4072 1579 4099 '’

429 4152 446 4181 “
461 4152 591 4206 Certains
605 4151 850 4217 Francs-Macons
872 4161 922 4205 ont
940 4152 966 4205 le
989 4153 1208 4221 pressentiment
1229 4155 1264 4207 de
1287 4170 1320 4207 ce
1333 4152 1460 4207 resultat.
1480 4153 1554 4205 Pour
1576 4162 1653 4205 cette

393 4230 613 4300 sois,disent·ils‚
624 4246 696 4284 nous
709 4245 798 4283 avons
807 4229 831 4282 si
846 4229 911 4284 bien
926 4233 983 4300 pris
998 4247 1050 4285 nos
1064 4249 1200 4299 mesures,
1213 4249 1268 4303 que
1278 4217 1395 4302 l’Eglise
1406 4231 1465 4286 doit
1478 4229 1651 4284 necessaire·

394 4320 472 4366 ment
485 4310 652 4364 succomber
660 4326 727 4362 sous
740 4324 793 4363 nos
810 4325 910 4378 coups.
926 4311 955 4363 Si
969 4311 1023 4364 elle
1038 4323 1112 4365 reste
1125 4310 1240 4379 debout,
1260 4311 1279 4364 il
1290 4311 1348 4365 faut
1357 4311 1458 4382 qu'elle
1469 4309 1527 4364 soit
1537 4307 1652 4372 divine;

394 4406 466 4444 nous
475 4390 644 4443 ecouterons
656 4387 828 4442 docilement
841 4405 874 4442 sa
887 4389 951 4442 voix
960 4390 981 4443 ”.
997 4391 1121 4444 Pauvres
1141 4390 1242 4459 egeres
1258 4394 1300 4447 l...
1314 4421 1348 4430 —
1363 4391 1456 4460 Quest.
1469 4390 1508 4442 du
1515 4389 1589 4458 jour
1599 4404 1655 4440 sur

395 4470 424 4523 la
438 4468 738 4537 From-Masonnm'e,
752 4467 783 4521 P.
802 4468 836 4522 E.
853 4468 992 4523 Monniot
1005 4470 1036 4524 C.
1051 4470 1102 4524 SS.
1117 4471 1150 4523 R.
1163 4488 1190 4540 p.
1201 4471 1243 4539 85.

432 4562 456 4601 2.
474 4546 577 4615 ICor.‚
590 4558 699 4613 x111,4.

432 4641 456 4695 3.
471 4626 596 4693 Onclair,
612 4625 654 4678 la
667 4626 954 4690 From-Musonium
964 4630 1198 4698 contemporar'ne,
1210 4647 1236 4698 p.
1250 4643 1310 4698 315.
1320 4630 1406 4683 Nota.
