3496 5482
242 457 304 476 —b—

596 559 601 569 .
719 525 841 575 cneus
869 524 1021 575 novun.
1138 586 1140 591 ,
1434 529 1502 599 213

240 687 349 760 donis
378 683 571 761 Garibaldi
605 686 763 783 ejusque
786 658 1002 758 sicariorum
1022 702 1102 757 erat
1120 711 1127 758 :
1149 687 1269 758 “Aut
1286 687 1505 794 Romanu!

241 833 339 882 mons
354 806 405 880 ”P
423 805 580 880 Summa
599 830 691 906 ergo
703 805 757 880 eis
772 805 971 879 videbatur
989 803 1069 878 haec
1083 805 1295 879 necessitas

171 983 175 990 .
294 925 377 999 Nos
395 941 520 999 autem
549 948 661 997 omne
695 921 962 998 nationalitatis
995 922 1227 1019 principium,
1248 969 1298 980 —
1319 925 1421 1022 quod
1441 949 1503 998 ne·
1530 937 1536 946 '

240 1068 427 1141 quaquam
455 1068 538 1116 cum
575 1067 703 1116 amore
739 1067 830 1142 erga
869 1040 1042 1127 Patriam,
1080 1041 1144 1139 qui
1180 1067 1286 1116 amor
1321 1068 1411 1117 vera
1446 1060 1504 1118 est

241 1162 358 1235 virtus
377 1160 580 1234 christiana
615 1160 846 1234 confundere
859 1159 955 1240 lieet,
976 1204 1025 1215 —
1045 1185 1196 1255 prorsus
1216 1162 1439 1259 respuimus.

295 1278 446 1353 Etenim
467 1278 688 1376 principium
709 1277 817 1364 istud,
837 1278 868 1352 si
888 1302 1000 1351 sensu
1012 1278 1176 1353 absoluto
1195 1279 1408 1365 affirmetur,
1429 1278 1503 1352 suf·

241 1394 389 1469 ficiente
408 1395 652 1471 fundamento
671 1413 781 1481 caret,
800 1421 868 1478 nec
884 1395 964 1470 sine
981 1395 1114 1492 injuria
1134 1396 1192 1471 vel
1210 1398 1347 1495 injusta
1361 1414 1502 1494 pertur-

241 1513 393 1587 batione
411 1514 552 1588 ordinis
577 1514 773 1588 existentis
792 1532 830 1587 et
853 1512 1137 1610 providentiaiis
1162 1532 1430 1613 propugnatur.
1454 1559 1502 1572 -

245 1630 345 1703 Nam
365 1631 601 1705 nationalitas
620 1630 668 1705 de
686 1656 727 1704 se
747 1628 887 1704 nullum
907 1630 1051 1705 confert
1054 1632 1126 1728 jus
1137 1663 1152 1714 ,·
1169 1631 1308 1706 indicat
1322 1633 1501 1729 aptt'tndz‘-

241 1774 323 1822 nem
342 1767 486 1823 tantum
505 1749 632 1824 velad
656 1775 843 1824 summum
863 1752 1152 1826 convenientiam
1170 1752 1370 1849 quamdam
1391 1750 1500 1827 valde

243 1887 424 1942 remotam
450 1868 581 1942 unitati
602 1866 836 1966 populorum.
867 1869 950 1943 Nee
969 1869 1114 1944 dicatur
1137 1870 1313 1944 unionem
1334 1870 1501 1944 nationa-

243 1984 315 2059 lem
335 1985 474 2083 passim
495 2011 673 2083 magnum
686 2012 770 2061 esse
790 1987 1239 2084 bonumRespondemus
1257 1989 1389 2084 primo,
1411 1987 1518 2066 illudx

243 2104 354 2178 valde
371 2103 526 2205 dubium
541 2131 625 2179 esse
640 2132 647 2191 ;
668 2131 752 2179 nam
773 2104 940 2203 pluribus
959 2104 1103 2180 civibus
1119 2132 1193 2181 non
1214 2107 1399 2181 immerito
1412 2107 1499 2179 arri·

150 2223 152 2226 ’
242 2227 333 2300 dent
352 2225 516 2321 parvitas
535 2226 696 2300 nationis
708 2245 746 2301 et
758 2227 973 2326 autonomia
987 2226 1113 2301 localis
1129 2256 1193 2314 ;—
1205 2228 1381 2312 secund0,
1399 2226 1497 2312 dato,

244 2369 317 2417 non
333 2368 513 2417 concesso
532 2343 602 2417 hoc
623 2344 805 2442 principio
820 2342 998 2431 utilitatis,
1020 2331 1131 2419 omne
1149 2346 1250 2443 quod
1280 2343 1370 2419 utile
1393 2342 1501 2417 alicui

245 2461 402 2547 videtur,
424 2488 499 2536 non
519 2462 604 2537 ideo
619 2463 667 2537 de
696 2488 737 2537 se
762 2480 819 2538 est
833 2464 977 2561 justum
993 2490 1057 2549 ;-
1080 2489 1122 2537 ac
1141 2462 1262 2548 terti0,
1286 2461 1497 2535 nationibus

244 2579 280 2652 in
294 2580 449 2654 totidem
470 2579 628 2677 populos
646 2581 819 2655 adunatis
838 2606 940 2678 saepe
960 2579 1139 2654 invalebit
1159 2579 1255 2654 inter
1270 2604 1335 2653 eos
1349 2579 1500 2675 spiritus
1562 2598 1564 2602 ’

243 2699 317 2773 odii
333 2698 466 2797 (barne
482 2702 524 2773 de
537 2708 659 2798 nocer)
677 2726 720 2773 ac
739 2700 934 2774 discordiae
952 2697 1227 2796 (dz'ssentt'ntent
1245 2695 1517 2797 natz'onal)(¹).'

294 2816 467 2890 Tandem
485 2819 644 2913 practice
668 2816 907 2913 impossibilis
927 2834 984 2890 est
999 2816 1185 2890 realisatio
1200 2816 1311 2914 hujus
1334 2815 1500 2889 nationa-

242 2933 355 3007 litatis
374 2935 553 3032 principii.
576 2980 626 2991 —
643 2935 843 3009 Massones
863 2933 951 3008 illud
974 2933 1090 3007 Italiae
1109 2934 1389 3032 applicaverunt
1405 2960 1419 3018 ;⁴
1432 2933 1499 3007 sed
1615 2992 1621 3004 .

242 3051 272 3124 si
287 3051 488 3125 universim
501 3052 656 3127 deberet
670 3052 856 3149 applicari,
876 3050 973 3124 nulla
986 3051 1063 3125 fere
1078 3052 1224 3152 integra
1243 3052 1345 3125 natio
1362 3051 1500 3125 unione

243 3168 424 3243 frueretur
439 3169 588 3267 politica
605 3197 613 3256 ;
632 3187 734 3244 totus
754 3187 1054 3243 commoveretur
1075 3187 1112 3243 et
1130 3187 1363 3245 everteretur
1382 3168 1500 3243 Orbis

243 3308 282 3361 ut
301 3288 482 3385 principio
501 3288 585 3362 huic
609 3288 701 3362 saiso
713 3289 910 3363 satisfieret
928 3317 935 3375 ;
950 3288 1096 3388 integra
1110 3309 1315 3389 mutaretur
1333 3291 1496 3385 Europa,

242 3426 279 3480 et
298 3406 388 3503 quid
407 3407 455 3480 de
487 3407 620 3480 ceteris
640 3407 755 3482 Orbis
785 3406 962 3503 partibus,
980 3409 1186 3503 praesertim
1214 3408 1498 3482 vero'deAme·
1605 3420 1607 3428 ’
1699 3395 1700 3402 ¹

242 3527 314 3599 rica
334 3523 450 3611 fieret,
467 3525 576 3622 plane
605 3527 741 3601 nescio.
767 3528 820 3601 Ut
852 3527 1025 3626 exempla
1052 3529 1224 3625 quaedam
1260 3528 1412 3601 afferam
1450 3553 1498 3601 ex

244 3644 397 3740 Europa
417 3662 560 3718 tantum
580 3646 800 3741 desumpta:
822 3646 1104 3720 destruerentur
1123 3647 1287 3732 Austria,
1306 3645 1495 3733 Helvetia,

244 3760 439 3858 Belgium;
460 3762 714 3836 minuerentur
734 3763 865 3850 Gallia,
888 3763 1037 3863 Anglia,
1063 3764 1239 3837 Borussia
1257 3792 1263 3849 ;
1284 3764 1497 3838 ressuscita·

243 3899 368 3952 rentur
389 3878 554 3963 Polonia,
575 3880 800 3978 Burgundia,
822 3881 1006 3967 Vendaea;
1036 3882 1150 3955 Turci
1170 3899 1207 3957 et
1228 3882 1351 3956 sorsan
1384 3882 1496 3955 Russi

241 4015 454 4071 arcerentur
466 4023 512 4071 ex
530 3997 685 4093 Europa
704 3997 739 4070 in
760 3997 903 4078 Asiam.
924 4018 1006 4085 etc,
1027 3999 1194 4099 etc...(²).

188 4114 191 4120 ’
290 4114 366 4187 Alii
385 4141 485 4200 vero,
507 4115 570 4212 qui
603 4115 822 4212 principium
852 4116 1118 4192 nationalitatis
1142 4119 1178 4191 in
1198 4143 1311 4191 sensu
1330 4117 1498 4192 restricto

240 4250 489 4329 propugnant,
511 4232 643 4306 eadem
669 4231 755 4318 sere,
778 4235 829 4307 uti
861 4234 1032 4321 vidimus,
1053 4235 1378 4331 argumentatione
1411 4260 1496 4308 con·

240 4346 413 4424 sutantur.
440 4350 609 4426 Ulterius
640 4351 857 4427 advertatur
887 4356 1148 4441 restrictiones,
1170 4380 1263 4452 quas
1291 4354 1494 4452 proferunt,

280 4575 300 4613 r.
314 4561 429 4627 Knocn,
445 4579 471 4631 p.
487 4575 547 4632 395.

276 4655 299 4693 2.
312 4640 457 4710 Cathrein,
471 4643 546 4712 apud
563 4644 684 4712 Knoch.,
697 4662 722 4716 p.
739 4659 799 4715 395.
