3496 5482
329 513 400 604 238
738 533 831 584 enan
858 534 918 584 s1r
944 534 1020 584 nux
1049 533 1174 586 noun.

1439 643 1585 650 ...-—...-

327 700 539 775 insistamus
569 699 654 772 huic
687 698 972 774 inconsideratae
1001 717 1038 774 et
1066 700 1237 773 absurdae
1272 699 1474 798 objectioni
1509 727 1584 799 qua

329 820 538 905 Massones,
559 816 730 892 liberales
766 835 803 892 et
839 819 1063 916 quicumque
1093 818 1283 894 Ecclesiae
1312 820 1448 894 inimici
1474 846 1582 895 aures

325 937 534 1014 obtundere
551 953 757 1011 conantur:
778 946 799 974 ‘⁸
818 961 864 1010 ex
888 936 1133 1033 dispositione
1151 937 1306 1012 mirabili
1333 937 1583 1013 Providentiae

326 1059 463 1133 lactum
481 1077 539 1133 est
557 1075 597 1132 ut
616 1076 786 1154 tempore
813 1082 882 1131 suo
900 1073 938 1130 et
950 1057 1053 1154 justo
1086 1056 1341 1132 evolutionum
1371 1057 1490 1132 civilis
1524 1083 1582 1132 so·

325 1178 469 1253 cietatis
500 1195 683 1252 cresceret
719 1176 920 1251 auctoritas
956 1175 1106 1251 moralis
1143 1196 1181 1252 et
1218 1177 1378 1252 influxus
1409 1177 1581 1277 politicus

326 1297 365 1371 S.
386 1296 497 1371 Sedis
516 1297 675 1392 ideoque
689 1295 897 1391 privaretur
918 1295 1132 1392 Principatu
1152 1295 1356 1394 temporali.
1378 1296 1396 1324 '’

373 1423 530 1521 Ecquid,
548 1423 648 1520 quod
673 1422 703 1495 si
723 1421 854 1520 logicae
874 1421 1019 1520 legibus
1030 1420 1090 1495 vel
1107 1421 1223 1497 semel
1239 1423 1471 1498 studuissent
1490 1448 1581 1497 non·

325 1568 372 1616 ne
400 1542 654 1616 discernerent
687 1539 736 1613 ibi
773 1539 976 1636 sophisma,
997 1540 1227 1637 quodusonat
1252 1568 1258 1614 :
1279 1541 1463 1637 posthoc,
1489 1568 1580 1642 ergo

324 1681 475 1760 propter
488 1660 560 1734 hoc
576 1659 591 1733 ?
609 1659 660 1744 Si,
681 1676 880 1757 postquam
900 1658 1011 1756 plena
1042 1659 1215 1733 fruitione
1241 1659 1484 1734 immunitatis
1503 1687 1580 1736 suae

322 1779 501 1877 spoliatus
534 1778 653 1863 luerit,
676 1777 845 1851 Vicarius
865 1776 1005 1851 Christi
1042 1777 1262 1852 remanserit
1298 1795 1422 1852 tamen
1458 1778 1578 1853 solum

323 1897 463 1972 ordinis
481 1895 627 1969 firmum
659 1893 941 1969 fondamentum
960 1923 968 1980 3
986 1920 1032 1967 an
1057 1893 1128 1969 hoc
1149 1895 1288 1968 bonum
1320 1896 1578 1993 imputandum

323 2019 417 2093 soret
437 2016 604 2115 repetitis
616 2015 810 2090 conatibus
825 2040 953 2089 eorum
970 2013 1220 2089 maleficorum
1235 2015 1397 2089 virorum
1408 2016 1471 2113 qui
1490 2014 1579 2090 illud

323 2157 493 2212 evertere
512 2155 549 2212 et
568 2137 726 2234 pedibus
745 2136 888 2210 calcare
908 2136 1144 2235 sategerint?
1165 2136 1324 2234 Ecquid,
1345 2137 1482 2210 iactum
1512 2137 1579 2211 ini·

323 2282 406 2354 quae
424 2255 656 2350 spoliationis
682 2273 720 2328 et
752 2255 890 2351 rapinae
922 2254 1098 2328 indicium
1121 2280 1198 2351 prae
1229 2280 1270 2329 se
1302 2253 1413 2329 ferret
1441 2255 1579 2329 divinae

323 2374 417 2448 illius
436 2374 686 2449 Providentiae
712 2399 806 2471 quae,
828 2392 868 2447 ut
896 2374 947 2446 ait
962 2373 1209 2471 Augustinus,
1229 2372 1397 2447 ordinem
1430 2398 1578 2447 conser-

323 2518 412 2567 vare
442 2493 550 2591 jubet
579 2511 691 2590 atque
722 2490 940 2588 perturbare
969 2490 1265 2587 vetat?Ecquid
1300 2516 1426 2565 nonne
1462 2491 1579 2566 multo

322 2613 464 2711 majora
481 2629 518 2686 et
537 2609 744 2686 efficaciora
762 2610 904 2705 operati
925 2625 1054 2683 essent
1075 2608 1163 2681 Pius
1180 2609 1248 2692 IX,
1263 2609 1325 2706 qui
1353 2626 1502 2683 coactus
1521 2628 1579 2685 est

321 2730 566 2826 supersedere
603 2727 759 2802 concilio
780 2727 974 2812 Vatican0,
994 2744 1032 2800 et
1059 2726 1139 2798 Leo
1158 2725 1277 2809 Xlll,
1298 2726 1355 2800 cui
1388 2752 1577 2823 nunquam

323 2847 377 2919 las
396 2847 463 2920 luit
482 2845 628 2943 publice
640 2871 681 2918 se
699 2844 878 2919 exhibere
896 2841 1047 2940 populo,
1064 2842 1095 2914 si
1115 2842 1226 2938 pleno
1240 2841 1422 2917 libertatis
1436 2845 1577 2918 exerci-

323 2965 374 3038 tio
392 2964 512 3063 gavisi
533 2963 715 3039 luissent?
732 2961 834 3057 Quid
846 2980 883 3034 et
904 2986 1000 3033 nunc
1017 2961 1169 3033 Nostris
1185 2961 1416 3058 temporibus
1432 2962 1577 3035 miseris

324 3107 448 3155 nonne
466 3098 664 3168 tentarent,
686 3081 760 3154 imo
776 3079 1040 3153 tentaverunt?
1060 3079 1122 3150 An
1146 3078 1271 3152 lorsan
1304 3105 1350 3153 eo
1369 3081 1579 3177 tyrannidis

323 3201 596 3296 protrahendus
614 3217 714 3276 esset
726 3217 843 3274 status
865 3197 1057 3272 Pontificis
1077 3223 1163 3294 qun,
1180 3198 1287 3271 sicuti
1307 3198 1426 3272 tribus
1448 3198 1578 3295 priori·
1617 3265 1619 3269 ,

324 3321 393 3394 bus
414 3321 624 3418 Martyrum
643 3319 797 3403 saeculis,
817 3317 1018 3416 nequidem
1052 3318 1121 3413 ipsi
1142 3315 1294 3391 libertas
1309 3317 1580 3414 relinqueretur

324 3469 399 3541 qua
416 3443 588 3519 viveret?
604 3445 694 3518 Post
716 3443 776 3517 illa
795 3440 1018 3515 discriminis
1040 3457 1209 3536 tempora
1241 3439 1428 3536 ipsissima
1449 3440 1580 3513 Provi-

324 3565 451 3640 dentia
469 3565 629 3642 libertati
645 3565 835 3639 Pontificis
847 3562 1019 3660 providit,
1034 3560 1384 3636 addendoSummae
1403 3561 1580 3659 potestati

325 3688 514 3784 spirituali,
530 3715 715 3763 summum
735 3711 885 3786 quoque
906 3710 949 3758 ac
981 3684 1123 3781 regium
1148 3684 1399 3780 Principatum
1420 3684 1579 3759 civilem.

329 3810 404 3883 Hic
433 3808 609 3906 prolecto,
631 3829 801 3908 respectu
829 3807 936 3893 illius,
957 3806 1029 3878 dici
1049 3825 1177 3902 posset
1206 3807 1359 3880 minoris
1388 3808 1579 3893 momenti,

325 3956 400 4028 quo
420 3932 532 4006 modo
550 3933 713 4028 corporis
740 3931 925 4014 alimenta,
949 3928 1173 4002 vestimenta
1192 3946 1230 4002 et
1248 3927 1430 4001 habitatio
1466 3953 1582 4025 parva

327 4079 606 4151 nonnumquam
628 4055 804 4128 videntur
831 4071 869 4126 et
901 4050 1052 4123 minima
1080 4069 1252 4148 respectu
1282 4048 1412 4124 salutis
1431 4068 1582 4124 aeternae

325 4174 524 4272 spiritualis
548 4177 691 4249 animae.
711 4174 954 4250 Verumenim
973 4172 1066 4245 sicut
1087 4172 1147 4245 illa
1166 4191 1312 4246 terrena
1340 4198 1478 4270 magna
1495 4188 1582 4244 sunt

326 4299 460 4372 animae
496 4318 533 4372 et
561 4297 669 4371 saluti
705 4299 930 4396 adjumenta,
965 4295 1015 4367 ita
1044 4312 1081 4367 et
1102 4294 1335 4390 Principatus
1364 4293 1582 4393 temporalis

326 4421 401 4494 vim
421 4439 458 4494 et
471 4420 582 4494 robur
600 4446 838 4519 summopere
859 4415 1031 4491 Pontifici
1051 4416 1193 4490 conlert
1209 4417 1256 4488 ad
1272 4442 1425 4491 munera
1439 4418 1582 4491 obeun-

326 4543 375 4616 da
391 4541 595 4638 spiritualia
609 4543 849 4640 proindeque,
871 4540 993 4636 plenae
1004 4557 1040 4611 et
1056 4537 1196 4611 efficaci
1216 4537 1422 4634 impletioni
1445 4539 1577 4613 horum

325 4662 452 4738 evadit
480 4664 734 4752 necessarius3
753 4662 983 4737 necessarius
1013 4659 1176 4756 pacificae
1200 4661 1363 4758 gestioni
1385 4658 1577 4749 Ecclesiae,
