3496 5482
1462 526 1588 538 —--—..

333 595 381 664 44
740 597 833 648 rara
860 597 920 649 sn
948 598 1023 647 anx
1052 597 1179 649 noun.

332 763 608 860 corruptionem
628 783 769 839 naturae
787 765 957 840 eveniret
987 786 1027 838 ut
1048 764 1249 860 Principes,
1270 763 1481 837 auctoritati
1509 787 1588 835 suae

332 880 486 953 nimium
505 882 712 968 studentes,
736 880 874 958 vellent
902 881 1103 979 prohibere
1124 880 1344 956 Pontificem
1372 880 1419 953 ab
1439 879 1483 953 iis
1500 905 1585 977 quae

332 999 401 1072 sibi
422 1025 497 1074 non
516 999 674 1097 placent.

386 1125 544 1224 Insuper
561 1128 648 1226 quia
667 1129 809 1227 quaevis
830 1129 930 1205 natio
942 1128 1100 1203 civiliter
1117 1128 1339 1203 adversatur
1353 1126 1396 1200 iis
1411 1126 1586 1199 omnibus

251 1253 255 1259 ’
332 1271 416 1350 quae
429 1246 476 1321 ad
492 1248 677 1323 inimicam
692 1249 880 1347 pertinent
893 1250 1092 1336 nationem,
1112 1248 1224 1345 Papa,
1243 1248 1354 1321 Pater
1367 1245 1587 1321 universalis

229 1396 232 1403 ·
332 1365 617 1441 christianorum
636 1367 814 1455 omnium,
835 1367 1049 1467 frequenter
1066 1366 1256 1465 objectum
1276 1365 1482 1440 aversionis
1501 1390 1587 1439 eva·

331 1482 437 1559 deret
456 1509 584 1559 eorum
600 1484 776 1572 fidelium,
793 1487 855 1584 qui
875 1512 958 1560 cum
973 1510 1042 1578 suo
1058 1485 1230 1581 Principe
1249 1481 1387 1558 bellum
1399 1498 1584 1582 gererent.

252 1694 256 1700 Ι
335 1600 418 1677 lmo
436 1627 503 1676 sua
522 1602 683 1691 decreta,
703 1630 788 1702 quae
806 1603 902 1678 sorte
922 1629 996 1678 non
1019 1602 1221 1700 placerent,
1242 1600 1455 1699 suspicione
1485 1599 1586 1674 labo-

332 1739 455 1797 rarent
474 1722 575 1820 quod
595 1724 631 1797 in
650 1725 808 1822 gratiam
831 1723 1011 1821 Principis
1031 1723 1086 1796 sui
1108 1721 1183 1796 sint
1201 1721 1319 1808 edita;
1339 1737 1377 1794 et
1396 1720 1481 1793 ideo
1499 1745 1584 1793 con-

331 1841 489 1937 temptui
509 1841 672 1916 obnoxia
691 1842 823 1917 forent.
1489 1829 1492 1832 ⁹

385 1966 481 2042 Esto
511 1967 612 2065 Papa
642 1969 690 2042 sit
721 1969 930 2067 subjectum
958 1968 1059 2067 regis
1090 1969 1302 2043 Borussiae:
1338 1967 1425 2062 Qua
1452 1963 1587 2038 fiducia

332 2087 511 2185 gaudebit
532 2086 762 2185 Reipublicae
782 2088 968 2164 Gallicae?
988 2134 1036 2144 —
1056 2087 1115 2163 Sit
1133 2089 1343 2188 subjectum
1365 2086 1585 2161 Russiarum

333 2205 516 2280 Caesaris:
548 2231 595 2279 an
631 2207 721 2281 satis
753 2207 846 2282 liber
877 2207 1064 2282 videbitur
1095 2205 1276 2281 Polonis?
1302 2252 1352 2263 —
1382 2206 1511 2304 Degat
1549 2204 1585 2276 in

334 2324 451 2398 insula
473 2324 606 2399 Melita
625 2345 664 2398 ut
687 2324 824 2424 hospes
844 2327 949 2425 regni
972 2325 1200 2399 Britanniae:
1220 2324 1423 2420 Quomodo
1453 2324 1586 2419 impar·

333 2441 428 2516 tialis
446 2444 640 2540 apparebit
662 2444 866 2519 Hibernis?
884 2490 933 2501 -
950 2454 971 2484 “
991 2443 1178 2520 Omnibus
1197 2463 1428 2541 compertum
1448 2459 1516 2527 est,
1537 2485 1587 2495 -

333 2560 480 2635 dicebat
495 2562 581 2635 Pius
597 2563 611 2636 l
618 2563 656 2636 X
672 2563 830 2660 Gajetac,
850 2588 897 2638 20
915 2562 1055 2660 Aprilis
1080 2564 1183 2654 1849,
1201 2607 1250 2617 —
1268 2560 1398 2636 fideles
1416 2557 1585 2657 populos,

331 2678 499 2779 gentium
520 2705 635 2779 regna
654 2706 858 2779 numquam
877 2681 1025 2777 plenam
1041 2679 1213 2754 fiduciam
1245 2698 1283 2754 et
1307 2677 1585 2753 observantiam

333 2822 417 2871 esse
435 2799 643 2894 praestitura
665 2799 838 2873 Romano
860 2797 1040 2885 Pontifici,
1061 2799 1091 2872 si
1112 2797 1213 2872 illum
1232 2797 1386 2896 alicujus
1404 2795 1585 2892 Principis

333 2914 392 2988 vel
403 2916 751 3013 guberuiidominio
763 2916 1034 3014 subjectumne
1047 2915 1459 2990 minimeliberumesse
1469 2915 1587 3011 suspi-

333 3053 469 3109 cerent.
492 3034 687 3132 Siquidem
707 3035 835 3110 fideles
855 3035 980 3132 populi
1000 3055 1037 3111 et
1057 3061 1173 3135 regna
1200 3035 1444 3110 vehementer
1468 3036 1587 3132 suspi-

333 3155 406 3227 cari
436 3180 479 3228 ac
507 3155 627 3228 vereri
661 3180 862 3251 numquam
882 3155 1105 3242 desinerent,
1128 3181 1175 3229 ne
1198 3154 1370 3228 Pontifex
1395 3154 1492 3229 idem
1521 3180 1588 3228 sua

333 3292 416 3345 acta
435 3273 482 3346 ad
502 3272 596 3346 illius
618 3273 799 3370 Principis
818 3272 877 3347 vel
896 3274 1080 3372 gubernii,
1102 3274 1138 3346 in
1170 3275 1275 3372 cujus
1302 3272 1444 3348 ditione
1464 3299 1587 3347 versa·
1607 3342 1610 3348 .

334 3410 443 3476 retur,
465 3389 696 3466 voluntatem
715 3391 973 3478 conformaret,
995 3410 1109 3489 atque
1130 3391 1266 3465 idcirco
1297 3391 1389 3465 actis
1420 3389 1488 3463 illis
1518 3391 1588 3464 hoc

333 3527 517 3608 praetextu
535 3510 671 3607 saepius
691 3509 867 3608 refragari
887 3535 960 3583 non
980 3510 1203 3585 dubitarent.
1226 3510 1244 3537 ”

386 3637 438 3710 Et
456 3657 540 3734 post
558 3635 777 3736 sacrilegam
797 3637 1076 3732 usurpationem
1100 3637 1254 3735 alicujus
1287 3639 1401 3734 partis
1433 3636 1586 3711 dominii

334 3752 373 3828 S.
395 3753 506 3828 Sedis
537 3754 669 3828 iterum
699 3755 840 3828 mundo
871 3754 1045 3829 universo
1076 3755 1150 3828 ait:
1171 3765 1191 3794 ‘⁴
1210 3755 1310 3828 Sane
1337 3780 1359 3827 a
1391 3754 1476 3828 Deo
1507 3754 1588 3849 ipso

332 3875 607 3972 sapientissime
624 3876 834 3949 consultum
854 3893 921 3963 est,
942 3895 983 3950 ut
1007 3876 1042 3949 in
1072 3893 1175 3949 tanta
1202 3873 1462 3972 temporalium
1485 3872 1586 3946 Prin-

333 3993 455 4090 cipum
484 3991 720 4066 multitudine
746 4019 788 4067 ac
816 3994 998 4067 varietate
1016 3993 1194 4067 Summus
1215 3992 1389 4066 Pontifex
1413 3991 1473 4065 illa
1493 3991 1587 4065 irue-

333 4129 434 4187 retur
461 4110 612 4208 politica
642 4109 825 4198 libertate,
859 4137 943 4209 quac
973 4129 1168 4209 tantopere
1201 4112 1411 4187 necessaria
1447 4129 1504 4185 est
1539 4111 1586 4184 ad

332 4229 561 4329 spiritualem
579 4254 686 4303 suam
705 4247 940 4327 potestatem,
956 4230 1215 4304 auctoritatem
1236 4251 1273 4304 et
1287 4228 1587 4327 jurisdictionem

331 4369 413 4425 toto
431 4350 521 4426 orbe
540 4348 682 4446 absque
702 4348 971 4445 impedimento
990 4349 1247 4423 exercendam.

385 4488 406 4517 ⁴⁸
425 4477 552 4573 Atque
572 4475 623 4548 ita
641 4473 751 4570 plane
769 4474 935 4560 decebat,
958 4502 1004 4548 ne
1023 4474 1206 4548 catholico
1226 4474 1320 4548 Orbi
1341 4473 1413 4546 ulla
1431 4473 1588 4548 oriretur

332 4595 478 4671 occasio
496 4593 700 4678 dubitandi,
723 4592 882 4689 impulsu
903 4592 1059 4668 sortasse
1082 4593 1243 4668 civilium
1267 4611 1506 4689 potestatum,
1527 4592 1586 4666 vel

331 4713 491 4817 partium
511 4710 635 4821 studio
653 4711 737 4784 duci
755 4712 981 4810 quandoque
1001 4712 1167 4810 possein
1189 4709 1390 4787 universali
1415 4734 1586 4807 procura·
