3496 5482
609 584 1121 672 ANIMADVERSIO

285 758 350 818 DE
379 753 522 816 NOTIS
547 751 799 814 APPOSITIS
826 750 879 811 Iu
910 745 1265 811 DIJUDICANDIS
1290 742 1459 804 vanus

342 870 680 946 VERITATIBUS,
706 871 772 931 AD
798 869 958 930 FIDEM
984 862 1395 927 PERTINENTIBUS.

322 1132 559 1198 ERLECTIS
573 1133 621 1210 iis,
637 1152 712 1217 quae
722 1133 766 1197 ab
778 1132 919 1216 egregiis
932 1129 1097 1212 theologis
1110 1128 1330 1213 proferuntur,
1339 1125 1427 1190 circa
1439 1144 1502 1188 no-

342 1247 393 1301 tas
406 1257 425 1300 a
436 1237 506 1301 viro
515 1237 682 1302 catholico
692 1238 910 1321 apponendas
927 1237 959 1299 in
979 1232 1205 1318 dijudicandis
1221 1231 1319 1297 variis
1335 1228 1501 1295 doctrinis

241 1352 274 1407 et
291 1343 583 1426 propositionibus,
594 1363 670 1407 cum
685 1343 733 1409 Cl.
746 1343 927 1426 Dalponte‚
936 1342 982 1407 th.
995 1342 1085 1406 doct.
1096 1349 1130 1405 et
1142 1337 1328 1424 professore
1344 1337 1377 1400 in
1390 1333 1502 1401 Semi·

241 1447 335 1510 nario
351 1446 549 1512 Tridentino
566 1446 709 1511 fatemur
722 1472 729 1511 :
741 1447 795 1511 “si
812 1447 937 1530 dogma
947 1457 980 1511 et
996 1447 1148 1510 haeresim
1162 1444 1320 1527 excipias,
1330 1443 1363 1506 in
1376 1440 1502 1525 quibus

241 1550 503 1615 determinandis
514 1552 717 1616 conveniunt
727 1572 854 1629 omnes,
865 1553 951 1616 circa
963 1571 1028 1616 non
1042 1549 1241 1634 generiem,
1256 1547 1314 1612 sed
1328 1545 1500 1631 propriam

240 1662 274 1718 et
301 1653 490 1737 specificam
517 1654 656 1719 aliarum
682 1655 948 1739 propositionum
965 1664 998 1718 et
1024 1653 1254 1737 oppositarum
1282 1667 1499 1714 censurarum

242 1757 424 1835 notionem,
441 1778 563 1841 magna
579 1768 631 1822 est
646 1759 732 1823 inter
747 1768 900 1823 auctores
915 1758 1156 1823 sententiarum
1172 1755 1348 1821 diversitas
1363 1752 1415 1836 (1).
1431 1751 1448 1779 ”

286 1861 358 1925 Nos
374 1871 497 1940 tamen,
513 1872 549 1926 ut
565 1862 673 1926 amico
698 1862 837 1927 consilio
852 1862 943 1927 docti
969 1872 1001 1926 et
1017 1861 1169 1927 benevoli
1194 1858 1350 1926 Censoris
1366 1858 1500 1922 obtem·

241 1985 404 2050 petemus,
420 1985 480 2048 pro
507 1966 641 2044 viribus,
667 1976 700 2030 et
713 1964 815 2049 juxta
839 1986 973 2031 sensum
990 1986 1057 2050 quo
1073 1966 1106 2028 in
1132 1967 1273 2029 decursu
1288 1962 1396 2047 operis
1413 1982 1501 2045 prae-

243 2070 347 2134 sentis
375 2079 408 2134 et
432 2069 503 2152 jam
531 2080 640 2148 antea,
663 2071 697 2133 in
726 2070 810 2135 libro
836 2070 969 2153 Scopuli
993 2068 1133 2148 vitands,
1148 2089 1218 2152 cap.
1235 2067 1298 2146 Vl,
1319 2066 1500 2131 nonnullas

241 2173 488 2258 propositiones
505 2175 705 2252 notavimus,
722 2195 789 2239 rem
807 2175 981 2240 enucleare
996 2175 1215 2240 studebimus.

286 2278 325 2342 In
353 2287 427 2341 actu
456 2276 533 2343 fidei
560 2278 687 2363 duplex
714 2281 931 2364 distinguitur
951 2280 1176 2344 elementum:
1199 2277 1352 2361 objectum
1371 2276 1501 2340 scilicet

241 2381 419 2461 ntatcrialc,
433 2402 492 2446 seu
517 2384 690 2448 veritatem
713 2404 787 2467 quae
810 2384 963 2462 creditur,
976 2418 1018 2430 -
1033 2392 1067 2448 et
1094 2381 1253 2447 motivum
1267 2381 1423 2464 formale,
1439 2399 1500 2444 seu

242 2485 412 2564 rationem,
424 2496 560 2570 propter
575 2507 675 2571 quarn
692 2489 823 2552 veritati
840 2490 1021 2572 propositae
1038 2509 1096 2572 per
1112 2487 1214 2552 fidem
1229 2487 1439 2551 assentimur.

285 2597 450 2662 Motivum
468 2598 531 2663 hoc
548 2618 614 2663 non
631 2607 681 2663 est
697 2600 864 2665 evidentia
874 2600 1023 2665 veritatis
1040 2599 1231 2684 propositae,
1242 2600 1300 2663 sed
1318 2597 1502 2662 auctoritas

242 2702 307 2765 Dei
323 2701 508 2767 revelantis.
1281 2730 1283 2734 ⁴

285 2803 450 2869 Attamen
477 2805 520 2870 ad
548 2805 649 2871 fidem
674 2807 834 2886 divinam,
857 2807 1104 2891 obligatoriam,
1124 2827 1191 2873 non
1216 2805 1337 2873 sufficit
1362 2805 1504 2890 (praeter

242 2928 355 2973 casum
373 2909 576 2974 rarissimum
595 2910 804 2976 revelationis
820 2932 916 2991 verae,
928 2913 986 2976 sed
1003 2910 1157 2996 privatae)
1168 2920 1204 2976 ut
1219 2911 1344 2995 aliquid
1362 2910 1405 2976 sit
1415 2909 1503 2974 divi·

241 3012 331 3076 nitus
346 3013 527 3078 revelatum
543 3036 551 3094 ;
568 3015 742 3097 requiritur
758 3025 918 3099 praeterea
941 3026 978 3080 ut
994 3016 1037 3093 id,
1052 3017 1142 3099 quod
1159 3015 1320 3080 divinitus
1343 3024 1394 3079 est
1409 3033 1503 3079 reve-

241 3118 356 3194 latum,
372 3118 415 3182 ab
432 3118 582 3183 Ecclesia
596 3119 709 3203 aliquo
726 3123 827 3186 modo
843 3130 1049 3204 proponatur
1065 3141 1103 3184 ac
1119 3120 1210 3185 velut
1225 3119 1419 3204 applicetur.

286 3220 400 3304 Quum
417 3232 529 3287 autem
544 3224 694 3288 Ecclesia
704 3245 770 3288 non
782 3245 898 3289 omnes
915 3226 1070 3289 veritates
1083 3223 1245 3289 revelatas
1257 3226 1375 3289 eodem
1389 3224 1503 3302 modo,

242 3325 294 3389 vel
311 3326 421 3408 potius
437 3346 513 3390 cum
530 3327 647 3391 eadem
668 3329 698 3391 vi
722 3328 894 3412 obligandi
910 3338 1087 3412 proponat,
1102 3328 1180 3392 hinc
1197 3326 1233 3392 fit
1251 3337 1288 3392 ut
1302 3327 1404 3391 variae
1419 3325 1503 3391 den-

242 3438 297 3493 tur
313 3430 422 3512 quoad
440 3429 540 3494 fidem
556 3442 646 3496 notae
662 3450 719 3495 seu
735 3432 967 3497 distinctiones
983 3430 1192 3515 theologicae.
1210 3432 1329 3515 Itaque
1344 3432 1502 3515 quaedam

242 3533 399 3598 veritates
414 3534 570 3600 dicuntur

289 3638 303 3701 Ι
321 3640 372 3703 vel
389 3639 431 3704 de
447 3637 520 3719 fide,
535 3640 589 3721 A)
604 3640 779 3720 divina,-
793 3643 842 3722 B)
858 3643 908 3707 vel
926 3642 1101 3722 catholica,
1117 3681 1160 3692 —
1178 3640 1222 3723 C)
1237 3642 1287 3707 vel
1304 3641 1505 3725 theologica,

288 3742 322 3804 II
340 3742 392 3807 vel
409 3741 485 3806 fidei
502 3745 675 3826 proximae,
691 3765 749 3809 seu
764 3747 806 3810 ad
825 3746 925 3810 fidem
943 3747 1156 3830 pertinentes,

290 3844 343 3908 111
362 3845 413 3908 vel
424 3847 467 3910 de
480 3843 545 3911 fide
561 3847 793 3912 ecclesiastica.

292 3957 317 4022 1.
336 3957 448 4022 Fmas
464 3973 551 4025 lesa
575 3998 619 4009 —
645 3959 761 4026 Oritur
776 3981 820 4025 ex
837 3961 1056 4026 manifestato
1072 3962 1265 4026 testimonio
1282 3961 1347 4025 Dei
1364 3961 1396 4024 in
1414 3980 1505 4025 reve·

246 4060 370 4124 latione
397 4063 537 4144 publica
567 4064 629 4127 Est
654 4064 788 4147 triplex,
817 4067 1003 4129 secundum
1042 4066 1132 4149 quod
1165 4065 1393 4130 testimonium
1421 4060 1506 4126 illud

247 4164 478 4230 manifestatur
494 4188 552 4251 per
567 4167 713 4251 seipsum
730 4189 847 4251 -per
864 4169 1048 4233 Ecclesiam
1067 4168 1275 4233 infallibilem
1293 4177 1331 4230 ut
1355 4165 1506 4248 regulam

246 4266 322 4333 fidei
349 4274 539 4353 proximam
555 4294 680 4356 -per
705 4274 897 4357 depositum
922 4275 1135 4340 revelationis
1163 4275 1233 4340 sive
1260 4274 1420 4355 scriptum
1436 4272 1508 4335 sive

244 4375 414 4439 traditum.
433 4376 503 4440 Ita:

253 4511 393 4518 -———

289 4590 309 4628 1.
328 4577 432 4644 Jerem.
448 4579 600 4648 Dalponte‚
614 4582 708 4652 Comp.
722 4583 803 4637 theol.
816 4584 907 4653 dogm.
921 4612 956 4623 -
968 4583 1106 4652 Tridenti,
1124 4583 1201 4652 1890.
