3496 5482
203 491 636 503 ψ...-

650 557 772 609 cspur
799 558 997 620 Quantula.
1410 544 1451 614 81

463 664 681 671 ...-..—-——

197 717 264 792 sed
287 719 460 795 Pontifex
479 722 631 819 proprio
646 721 796 796 nomine
816 723 860 796 iis
886 723 1112 822 fungebatur
1129 722 1173 824 (¹)
1190 753 1198 799 :
1223 743 1302 801 erat
1321 752 1386 800 rex
1404 726 1456 799 in·

125 859 128 863 ’
196 834 426 933 dependens.

247 952 362 1031 'Anno
383 961 555 1052 774·8oo‚
577 957 734 1034 Carolus
756 960 922 1059 Magnus
942 985 1016 1034 non
1036 959 1157 1034 solum
1172 961 1415 1037 donationem
1434 989 1456 1038 a

198 1071 332 1169 Pipino
364 1075 548 1156 Romanae
580 1076 761 1151 Ecclesiae
791 1076 926 1151 saetam
965 1077 1212 1165 confirmavit,
1251 1079 1318 1154 sed
1356 1104 1457 1154 novo

194 1189 438 1288 diplomatea
464 1222 505 1269 se
528 1214 565 1272 et
584 1198 632 1271 ab
664 1197 875 1296 Episcopis,
902 1199 1060 1273 ducibus
1088 1216 1125 1275 et
1150 1199 1362 1288 comitibus,
1392 1201 1455 1298 qui

196 1330 302 1386 erant
325 1313 361 1387 in
381 1341 450 1388 suo
481 1317 670 1404 comitatu,
691 1318 913 1415 subscripto,
937 1319 1120 1393 Romanae
1141 1317 1322 1394 Ecclesiae
1340 1321 1455 1394 dona·

196 1429 250 1503 vit
278 1434 519 1508 exarchatum
547 1435 879 1511 Raven'natensem
900 1433 1030 1522 totum,
1063 1436 1221 1510 insulam
1250 1437 1453 1523 Corsicam,

195 1548 405 1644 provincias
436 1551 679 1627 Venetiarum
708 1572 745 1628 et
781 1553 910 1639 lstriae,
944 1555 1104 1627 ducatus
1138 1553 1385 1652 Spoletanum
1418 1572 1455 1630 et

199 1667 507 1745 Beneventanum
527 1697 610 1747 cum
638 1672 824 1747 nonnullis
847 1672 1062 1747 civitatibus
1087 1672 1273 1770 adjunctis
1292 1670 1345 1772 (²).
1376 1673 1454 1747 Ad·

195 1785 288 1860 didit
320 1787 503 1878 Parmam,
544 1790 741 1864 Mantuam
772 1810 809 1865 et
848 1789 1008 1888 reliquas
1045 1809 1169 1887 partes
1204 1791 1454 1888 Pentapoleos

195 1931 277 1978 cum
297 1906 521 2002 quibusdam
549 1909 765 2009 regionibus
788 1908 1087 1983 Lombardorum
1107 1927 1145 1983 et
1165 1909 1391 1983 Sabinorum
1417 1926 1455 1984 et

195 2023 443 2120 promissione
461 2026 509 2099 de
524 2025 652 2106 Sicilia
665 2025 883 2126 subigenda.

248 2141 308 2214 Ex
329 2141 429 2216 hisce
442 2143 622 2242 expositis
638 2161 737 2218 recte
752 2142 937 2241 colligitur
957 2144 992 2217 vi
1007 2144 1198 2242 cujusdam
1216 2144 1448 2220 necessitatis

198 2258 449 2356 Principatum
479 2260 627 2341 civilem
651 2260 810 2334 Romani
833 2261 1024 2335 Pontificis
1053 2261 1294 2336 constitutum
1322 2260 1447 2350 luisse,

195 2381 512 2477 quemadmodum
545 2400 581 2456 et
611 2381 865 2480 subsequente
901 2401 1012 2457 aetate
1048 2389 1166 2480 usque
1202 2384 1250 2456 ad
1279 2401 1452 2480 tempora

196 2515 323 2572 nostra
334 2497 443 2599 hujus
465 2500 697 2597 Principatus
717 2501 919 2575 necessitas
934 2527 1002 2598 pro
1018 2501 1118 2575 bono
1134 2501 1324 2576 societatis
1339 2518 1453 2600 atque

198 2619 378 2695 Ecclesiae
397 2622 595 2696 manifesta
613 2621 794 2718 apparuit.
828 2621 1047 2694 Dominium
1073 2619 1160 2693 illud
1181 2618 1388 2716 temporale
1406 2645 1453 2694 eo

195 2737 321 2813 evenit
340 2758 542 2826 momento,
564 2765 639 2836 quo
671 2739 814 2836 imperii
828 2739 914 2838 jura
933 2738 969 2810 in
998 2738 1131 2812 mediae
1164 2736 1281 2810 ltaliae
1300 2738 1453 2834 provin·

194 2857 270 2931 cias
288 2856 336 2932 de
368 2858 466 2932 sacto
484 2857 728 2931 conciderant
746 2884 753 2943 ;
786 2882 907 2953 neque
926 2855 1146 2929 interierunt
1164 2853 1244 2929 haec
1257 2856 1343 2953 jura
1370 2873 1451 2930 arte

194 2971 317 3072 aliqua
335 2973 394 3050 vel
414 2974 555 3048 influxu
577 2974 711 3049 nocivo
740 2973 963 3048 Pontificum
983 2969 1039 3071 (³)

246 3105 278 3167 5.
301 3092 362 3167 De
389 3093 507 3193 gestis
529 3093 570 3167 B.
601 3091 726 3167 Caroli
762 3091 893 3189 Magni
924 3090 993 3163 hac
1026 3090 1062 3163 in
1091 3115 1131 3163 re
1156 3106 1307 3186 praestat
1336 3091 1451 3165 verba

194 3212 362 3310 accipere
383 3211 437 3284 Pii
462 3210 554 3283 Vll.
578 3210 674 3284 Cum
706 3210 805 3284 enim
827 3234 945 3281 vanus
964 3234 1005 3281 ac
1034 3208 1216 3305 superbus
1238 3207 1411 3305 Napoleo
1435 3207 1449 3281 1

196 3331 327 3406 Status
348 3331 528 3406 Ecclesiae
547 3348 779 3428 occupasset,
798 3329 1031 3403 contendens
1057 3353 1122 3403 eos
1142 3346 1267 3426 partes
1281 3355 1367 3403 esse
1385 3329 1451 3402 im-

194 3450 286 3548 perii
306 3449 401 3524 illius
416 3450 520 3547 cujus
535 3449 615 3546 ipse
631 3466 733 3523 esset
752 3472 968 3544 supremum
983 3464 1104 3544 caput,
1122 3465 1312 3544 tamquam
1328 3445 1452 3522 Caroli

198 3569 331 3668 Magni
350 3568 489 3667 jurium
515 3565 697 3666 haeres.(l)
722 3567 773 3640 ait
807 3565 1027 3639 mitissimus
1059 3565 1255 3640 Pontifex:
1286 3564 1450 3662 “Quam

194 3686 287 3761 salsa
304 3687 378 3761 sint
397 3713 436 3761 re
464 3687 544 3782 ipsa
562 3685 722 3760 conficta
743 3684 803 3758 illa
829 3683 954 3757 Caroli
979 3684 1111 3783 Magni
1133 3684 1169 3756 in
1188 3684 1348 3758 ditiones
1369 3709 1451 3758 nos·

194 3825 270 3880 tras
283 3805 378 3903 jura,
406 3803 495 3877 nihil
517 3830 611 3901 opus
630 3820 687 3878 est
709 3801 879 3876 oratione
902 3801 1044 3875 Nostra
1064 3819 1103 3875 ut
1122 3819 1279 3876 constet.
1299 3801 1395 3875 lllud
1414 3818 1453 3875 et

193 3942 346 4010 certum,
367 3941 404 3997 et
424 3939 563 4009 notum,
583 3940 621 3996 et
640 3945 792 4018 quoquo
809 3943 942 3993 versus
957 3937 1202 4017 pervagatum
1222 3936 1302 3993 est:
1328 3918 1361 4017 ι)
1381 3919 1451 3993 Ca·

194 4041 312 4116 rolum
335 4042 519 4138 Magnum
551 4066 573 4113 a
594 4038 775 4113 Pontifice
798 4039 972 4112 Romano
1002 4056 1166 4112 creatum
1187 4039 1450 4135 imperatorem

194 4160 330 4249 suisse;
348 4204 397 4215 -
419 4157 455 4256 2)
477 4158 652 4234 Carolum
673 4158 859 4255 Magnum
880 4156 1064 4241 munifica,
1080 4156 1215 4253 piaque
1230 4155 1452 4237 liberalitate

194 4308 260 4357 sua
289 4281 401 4356 Sedis
432 4279 661 4377 Apostolicae
691 4278 867 4362 dominia,
902 4302 1061 4373 quorum
1103 4276 1189 4373 lpsa
1226 4276 1449 4373 potiebatur,

233 4563 254 4603 1.
267 4550 440 4618 Jungmann‚
453 4563 516 4618 pag.
536 4546 593 4614 136.

230 4644 254 4684 2.
267 4629 346 4697 laia,
360 4644 423 4699 pag.
442 4642 497 4692 ¹4¹·
512 4657 548 4664 -
559 4627 633 4680 Abb.
647 4624 790 4692 Gosselin,
804 4624 895 4677 Pouv.
909 4623 956 4675 des
969 4622 1028 4674 PP.
1043 4638 1082 4673 au
1094 4620 1136 4674 M.
1151 4620 1188 4674 A.

230 4722 254 4775 3.
264 4709 436 4777 Jungmann,
448 4723 511 4777 pag.
529 4707 585 4760 166.

246 4829 306 4882 Papa
318 4829 345 4870 sit
359 4843 395 4869 rex
411 4829 495 4868 Roma.
