3496 5482
158 449 242 456 ——-.--
249 449 524 457 -ω-ι-ι--υ-ῌ
537 449 722 457 »ωηο-..Μὴ
728 451 744 455 -

562 511 776 562 concnusro
804 512 996 563 Pnacrrcn.
1340 492 1407 582 381

154 674 316 749 stabilita
347 673 449 748 fuere
467 674 503 747 in
523 673 605 771 ipso
620 673 672 748 uti
696 672 821 748 circuli
854 676 946 749 radii
976 674 1170 748 firmantur
1199 675 1234 747 in
1260 691 1412 765 centro;

154 794 243 867 dum
258 818 280 868 e
297 811 427 868 contra
445 818 492 868 ex
514 793 769 868 dominatione
793 810 906 868 sectae
933 793 1166 881 Massonum,
1188 793 1413 891 invectoque

156 912 465 1011 neo-paganismo
483 912 650 1009 quotidie
671 938 768 986 nova
787 929 989 987 nascuntur
1008 909 1104 985 mala
1118 927 1232 1008 atque
1250 911 1414 1010 pericula

154 1029 314 1104 socialia.
336 1030 536 1129 Angustiae
555 1046 592 1104 et
611 1031 804 1128 passiones
826 1056 933 1106 novae
952 1029 1131 1104 continuo
1156 1047 1330 1127 premunt
1349 1055 1414 1127 po·

156 1147 262 1247 pulos
280 1149 369 1246 quin
398 1166 523 1222 tamen
543 1148 567 1221 ii
586 1174 712 1223 earum
737 1150 1031 1225 commotionum
1051 1174 1213 1236 causam,
1234 1166 1366 1247 utpote
1393 1175 1415 1225 a

155 1282 257 1339 secta
276 1266 388 1363 impia
406 1266 594 1352 obcaecati,
616 1292 821 1365 agnoscere
850 1268 1034 1354 videntur,
1057 1267 1175 1364 parati
1201 1293 1350 1364 semper
1377 1284 1416 1341 et

157 1408 255 1456 nova
274 1382 451 1483 indagare
469 1409 511 1457 ac
527 1400 672 1459 tentare
687 1371 860 1460 remedia.
885 1385 1106 1460 Diffidentia
1118 1385 1250 1460 crescit
1263 1385 1299 1459 in
1315 1386 1415 1460 diem

157 1503 254 1578 inter
277 1503 447 1579 nationes
466 1504 513 1578 ad
533 1504 693 1579 invicem
721 1531 829 1602 aeque
859 1530 902 1579 ac
934 1504 1030 1579 inter
1048 1503 1206 1602 populos
1225 1503 1416 1602 subjectos

159 1621 488 1719 moderatoresque
520 1621 763 1719 populorum:
799 1622 945 1696 cuinam
978 1623 1078 1696 enim
1110 1622 1298 1696 confidere
1333 1621 1417 1720 quis

159 1757 286 1836 posset
307 1764 390 1813 cum
413 1740 499 1838 jura
529 1739 655 1813 omnia
679 1765 935 1838 personarum,
956 1739 1188 1826 familiarum,
1223 1739 1416 1814 nationum

158 1858 380 1952 praepotenti
392 1856 703 1954 concupiscentiae
722 1876 759 1933 et
772 1857 960 1934 violentiae
979 1855 1266 1931 sacrificentur?
1285 1856 1417 1930 Ambi-

159 1976 211 2048 tio
222 1976 439 2050 dominandi
452 1976 585 2062 aliis,et
595 1979 729 2076 jugum
743 2003 854 2052 omne
867 1975 1185 2075 abjiciendi,inflat
1197 1974 1417 2073 proletarios

158 2119 224 2167 seu
251 2093 424 2193 gregales
443 2094 572 2193 plebis,
588 2097 651 2193 qui
676 2095 765 2170 dum
786 2096 822 2169 vi
841 2114 879 2170 et
895 2079 1054 2169 numero
1073 2093 1207 2168 ceteris
1226 2110 1415 2190 praestant‚

154 2212 233 2309 jam
253 2212 498 2310 accinguntur
516 2231 556 2288 ut
571 2239 660 2289 novo
670 2214 766 2311 jure
784 2213 879 2299 freti,
901 2237 1023 2288 rerum
1044 2212 1195 2287 tandem
1215 2211 1415 2309 potiantur,

159 2356 202 2403 ac
221 2330 398 2428 deinceps
417 2355 484 2428 pro
503 2330 620 2406 lubitu
636 2349 755 2406 totum
774 2330 943 2408 ordinem
958 2329 1134 2405 socialem
1151 2328 1418 2404 transforment

159 2450 350 2524 etiterum
375 2469 487 2548 atque
508 2451 640 2525 iterum
661 2452 873 2538 reforment,
894 2451 1014 2527 donec
1034 2468 1236 2549 postremo,
1259 2448 1419 2525 societas

160 2568 196 2643 in
212 2568 364 2645 totalem
380 2572 584 2668 perniciem
600 2591 761 2671 proruat.

213 2704 278 2782 Nil
308 2710 441 2784 mirum
469 2737 560 2811 ergo
587 2714 617 2785 si
639 2712 810 2789 Ecclesia
831 2715 1002 2787 Romana
1025 2736 1091 2809 per
1113 2735 1201 2784 suos
1220 2709 1420 2785 Pontifices

160 2853 350 2928 nunquam
366 2855 439 2904 non
454 2831 689 2907 damnaverit
702 2849 842 2907 sectam
860 2832 1011 2928 impiam
1030 2829 1252 2904 Massonum
1268 2845 1306 2903 et
1319 2853 1420 2903 asse-

159 2945 234 3021 clas
253 2948 344 3045 ejus,
356 2949 571 3047 jugiterque
594 2950 794 3049 Principes,
820 2948 978 3046 populos
1000 2945 1207 3044 fidelesque
1234 2945 1421 3020 monuerit

159 3065 207 3139 de
224 3066 386 3141 consiliis
401 3066 663 3143 sceleratorum
685 3069 830 3143 illorum
851 3068 1013 3143 virorum
1029 3065 1321 3161 conspirantium
1345 3088 1419 3139 non

159 3183 197 3257 in
216 3185 359 3258 ruinam
379 3184 568 3285 religionis
596 3205 740 3262 tantum
762 3187 829 3262 sed
850 3205 887 3261 et
905 3183 1093 3260 societatis
1112 3182 1309 3258 universae.
1340 3180 1418 3256 Sed

160 3302 274 3378 eheu!
295 3304 577 3381 Obturaverunt
597 3305 646 3380 illi
666 3306 884 3403 plerumque
897 3330 1005 3379 aures
1020 3300 1308 3376 admonentibus
1323 3299 1418 3376 Pon·

160 3423 318 3499 tificibus
346 3444 385 3501 et
416 3451 503 3501 ecce
527 3446 693 3524 potestas
725 3428 962 3502 tenebrarum
988 3424 1024 3497 in
1056 3420 1268 3496 Ecclesiam
1298 3420 1418 3517 primo

159 3542 386 3640 triumphum
405 3544 482 3643 egit
500 3569 642 3643 suaque
657 3544 837 3643 principia
856 3569 922 3641 per
939 3539 1203 3639 spoliationem
1232 3538 1423 3635 Principa·
1509 3597 1513 3604 .

158 3677 217 3735 tus
244 3661 362 3737 civilis
383 3662 572 3737 Pontificis
591 3663 760 3738 societati
789 3661 976 3760 imposuit,
1000 3678 1040 3735 ut
1059 3658 1165 3734 brevi
1189 3675 1275 3756 post
1294 3659 1421 3732 trium-

159 3783 274 3881 phum
304 3803 392 3884 agat
420 3785 468 3860 de
499 3804 578 3860 toto
597 3785 728 3860 ordine
750 3784 885 3872 sociali,
908 3809 974 3882 per
991 3781 1257 3881 spoliationem
1285 3806 1421 3878 nempe

159 3905 339 3981 libertatis
357 3906 485 3994 civilis,
507 3908 743 4007 proprietatis
762 3907 918 4006 privatae
945 3925 982 3981 et
1011 3902 1247 3979 auctoritatis
1273 3900 1423 4000 cujusli-

161 4030 234 4116 bet,
254 4047 292 4104 et
307 4029 458 4104 tandem
473 4031 666 4128 perveniat
681 4030 728 4106 ad
744 4055 882 4104 novum
894 4026 1196 4104 constituendum
1212 4024 1421 4122 imperium,

161 4151 198 4225 in
216 4176 292 4248 quo
310 4152 412 4226 cives
431 4177 505 4227 non
523 4153 833 4252 gaudebuntjure
846 4150 1032 4249 personali
1054 4149 1139 4235 ullo,
1157 4148 1195 4222 in
1215 4172 1290 4245 quo
1302 4173 1423 4222 sacra·

161 4273 303 4348 tissima
334 4273 482 4348 familiae
511 4274 658 4349 vincula
689 4274 847 4372 pedibus
871 4272 1090 4349 conculcare
1121 4268 1258 4355 licebit,
1283 4268 1320 4342 in
1348 4295 1424 4366 quo

160 4395 348 4494 proletarii
370 4423 393 4470 a
410 4396 500 4472 fisco
518 4397 665 4496 spoliati
684 4416 796 4495 atque
813 4397 983 4494 oppressi
1004 4420 1078 4470 non
1098 4395 1178 4493 jam
1199 4391 1236 4467 in
1264 4391 1423 4467 servitu·

162 4537 238 4594 tem
268 4518 483 4617 redigentur
512 4519 748 4594 dominorum
784 4543 946 4604 suorum,
970 4518 1037 4592 sed
1075 4515 1203 4590 durius
1239 4511 1419 4590 subibunt

159 4623 293 4740 jugum
308 4642 437 4715 Status
455 4643 535 4715 sive
554 4642 724 4741 gubernii
745 4642 938 4736 tyrannici.
