3496 5482
242 476 718 489 .—---·--·-———-.——-—-——--——--·
733 477 763 484 -,.
770 478 1007 486 -η-υ--υ-,ο-φη

585 547 708 599 CAPUT
739 546 920 598 DECIMUM
948 545 1143 611 QUARTUM.

290 710 650 808 Quodceteroquin
678 708 783 784 multi
811 709 1038 807 diplomatici
1074 709 1156 783 Itali
1185 728 1314 806 aperte
1341 711 1502 786 confessi

241 847 339 918 sunt,
367 854 436 906 nos
461 855 612 927 quoque
640 826 871 925 proclamare
899 827 984 902 licet
1012 852 1096 900 cum
1129 827 1322 926 Ruggiero
1344 827 1503 928 Bonghi,

240 949 367 1024 aiunte
385 971 394 1023 :
409 957 431 987 ‘⁴
447 947 633 1022 Nationes
654 947 819 1042 Europae
838 945 908 1019 hac
927 944 1018 1020 inre
1037 963 1268 1043 spectatores
1289 946 1403 1021 nostri
1418 963 1504 1021 sunt

176 1065 178 1070 ’
198 1060 200 1066 ’
241 1083 354 1163 atque
367 1065 531 1165 judices;
550 1061 639 1139 ”vel
654 1089 738 1138 cum
757 1064 890 1137 Marco
912 1063 1120 1163 Minghetti
1139 1064 1196 1137 cui
1211 1064 1335 1139 dicere
1353 1064 1502 1140 solitum

167 1206 170 1213 ’
242 1184 310 1257 fuit
333 1195 352 1222 ‘¹
373 1184 564 1280 Europam
585 1182 656 1257 sibi
676 1206 891 1256 reservasse
908 1180 1156 1278 quaestionem
1179 1172 1400 1258 Romanam.
1423 1183 1440 1210 ’'

294 1316 349 1376 10.
369 1300 446 1377 Sed
465 1318 609 1399 quaeret
635 1300 831 1399 quispiam,
858 1318 981 1373 utrum
1010 1325 1234 1397 quaenamve
1259 1300 1394 1387 indicia
1421 1328 1503 1398 pro·

243 1421 458 1498 videntialia
477 1423 605 1499 divina
623 1421 683 1496 vel
702 1421 866 1496 humana
880 1419 997 1495 oculis
1011 1419 1191 1520 affulgere
1208 1403 1407 1495 videantur
1424 1417 1520 1519 qui·¹

241 1541 311 1615 bus
329 1566 417 1638 spes
437 1542 474 1615 in
494 1540 667 1616 fiduciam
682 1557 827 1615 crescat
842 1538 922 1614 fore
940 1538 980 1612 ut
998 1537 1079 1613 dies
1101 1539 1380 1613 restaurationis
1399 1539 1504 1614 brevi

243 1659 393 1736 illucere
412 1660 590 1760 possint?
706 1704 709 1709 -
1510 1652 1512 1657 ¹

294 1781 445 1855 Adsunt
474 1805 604 1855 revera
635 1780 743 1879 signa
775 1797 996 1876 temporum,
1032 1779 1169 1854 adsunt
1196 1779 1379 1880 praesagia
1403 1799 1504 1856 certa

243 1925 289 1974 ex
322 1899 457 1996 quibus
488 1899 754 1996 dispositiones
791 1897 860 1972 aevi
897 1898 977 1996 jam
1009 1898 1182 1997 augurari
1227 1897 1321 1985 licet,
1365 1925 1504 1998 easque

243 2036 468 2114 cooperante
487 2015 650 2100 homine,
671 2035 735 2092 aut
753 2017 876 2100 etiam,
895 2034 935 2090 ut
953 2014 1117 2113 loquitur
1139 2017 1218 2091 Leo
1237 2016 1357 2103 XIII,
1379 2018 1504 2093 invitis

244 2135 467 2220 hominibus,
488 2134 535 2208 ad
557 2134 738 2209 Ecclesiae
751 2160 829 2208 suae
848 2133 1077 2208 incrementa
1090 2133 1139 2208 de
1154 2134 1248 2208 facili
1264 2133 1504 2210 Providentia

245 2253 447 2328 transferre
465 2272 600 2350 potest.

299 2371 402 2446 Inter
420 2369 492 2445 alia
510 2370 614 2468 plura
635 2370 746 2445 datur
774 2371 972 2445 imminens
992 2371 1097 2445 ruina
1119 2369 1238 2445 Italiae
1264 2389 1302 2446 et
1332 2370 1505 2447 inchoata

247 2489 412 2563 vindicta
426 2489 500 2564 Dei
514 2490 549 2563 in
564 2514 656 2575 reos,
672 2490 782 2562 datur
794 2488 902 2563 flatus
921 2514 1104 2586 supernus
1116 2514 1191 2586 quo
1208 2489 1335 2588 Reges
1347 2507 1385 2564 et
1401 2488 1505 2563 Prin·

246 2608 348 2705 cipes
381 2633 498 2681 novas
530 2607 711 2681 amicitias
740 2633 823 2681 cum
859 2606 1167 2707 pontifice-Rege
1206 2608 1298 2682 inire
1339 2609 1503 2696 student,
1542 2688 1546 2696 ,
1617 2701 1619 2704 ⁴

247 2726 357 2799 datur
388 2726 540 2823 insuper
568 2726 750 2799 immensa
778 2724 957 2822 aspiratio
988 2725 1208 2800 restituendi
1238 2751 1394 2826 regnum
1407 2727 1505 2825 juris

248 2866 286 2920 et
304 2847 490 2944 aequitatis
508 2872 583 2944 qua
600 2846 723 2920 cuncti
752 2846 879 2943 populi
906 2865 943 2920 et
972 2846 1008 2919 in
1037 2845 1165 2943 primis
1182 2846 1357 2946 gregales
1383 2847 1505 2945 plebis

250 2965 408 3064 flagrant
439 2989 550 3062 quam
583 2964 754 3038 maxime.
787 2962 1032 3060 Quantopere
1064 2964 1150 3037 exin
1187 2990 1273 3062 spes
1306 2983 1432 3039 nostra
1469 2964 1505 3037 in

253 3085 377 3157 Deum
396 3082 525 3182 augeri
551 3080 698 3167 debeat,
719 3099 951 3179 quantopere
977 3081 1091 3156 addat
1109 3082 1275 3156 animum
1295 3099 1336 3156 ut
1353 3081 1503 3157 sublimi

250 3203 335 3276 huic
366 3203 469 3300 operi
504 3200 765 3276 adlaboremu's
801 3220 914 3299 atque
948 3201 996 3275 ad
1033 3202 1173 3275 bonum
1200 3202 1342 3276 exitum
1378 3200 1505 3277 Deum

251 3324 495 3421 deprecemur
513 3321 634 3396 nullus
653 3339 710 3397 est
729 3322 792 3420 qui
812 3347 886 3397 non
907 3321 1043 3396 videat.

304 3440 381 3514 Sed
406 3464 481 3513 non
501 3440 580 3538 jam
600 3439 713 3538 longe
730 3440 838 3513 abest
855 3438 937 3513 dies
955 3463 1028 3536 qua
1054 3456 1156 3512 secta
1175 3437 1223 3512 ab
1242 3438 1508 3512 dominationis

252 3557 328 3633 alto
341 3556 502 3633 culmine
521 3576 612 3643 ruet,
637 3556 818 3655 Italiaque
837 3557 892 3631 sui
912 3581 1066 3654 compos
1084 3556 1279 3653 pristinam
1305 3554 1508 3630 amicitiam

253 3702 337 3751 cum
359 3677 469 3752 Patre
487 3702 556 3750 suo
575 3677 752 3751 resarcire
782 3676 957 3751 studebit.
985 3676 1085 3750 Satis
1104 3694 1162 3751 est
1181 3676 1394 3774 supradicta
1412 3675 1511 3750 facta

254 3821 297 3869 ac
314 3813 422 3894 gesta
441 3795 477 3868 in
506 3795 723 3869 memoriam
751 3820 992 3870 revocemus:
1022 3812 1159 3891 praesto
1189 3811 1247 3868 est
1277 3793 1390 3868 factio
1416 3793 1509 3868 freni

255 3906 454 4010 impatiens
471 3914 748 4012 conjuratorum
767 3938 869 4012 aegre
899 3930 937 3987 et
967 3912 1083 3986 invite
1114 3911 1312 3986 ferentium
1343 3910 1511 4009 regimen

256 4031 533 4105 monarchicum
552 4029 596 4132 (¹)
605 4060 613 4120 ;
645 4050 781 4129 praesto
809 4050 867 4106 est
886 4031 1074 4129 inquietus
1092 4031 1238 4104 animus
1268 4028 1511 4127 plurimorum

255 4149 392 4223 civium
410 4174 568 4247 quorum
595 4150 695 4224 bona
723 4167 761 4224 et
784 4150 869 4248 jura
887 4148 1014 4245 inique
1040 4148 1175 4222 cedere
1194 4147 1404 4221 debuerunt
1424 4144 1512 4219 ficto

296 4328 317 4367 ι.
337 4313 354 4342 “
368 4314 476 4369 L’unitf
495 4314 639 4369 nationale
651 4332 688 4370 ne
705 4325 772 4386 peut
789 4332 820 4371 se
839 4313 993 4370 malntenir
1011 4314 1035 4370 si
1054 4315 1109 4370 elle
1129 4323 1172 4367 est
1191 4311 1277 4367 basae
1290 4327 1339 4364 sur
1357 4307 1515 4378 l’injustice.

260 4393 373 4448 N’est-il
385 4410 439 4463 pas
450 4395 578 4449 constatc
592 4412 643 4464 par
660 4396 700 4449 les
716 4395 782 4450 faits
795 4411 851 4466 que
865 4394 1046 4465 I’usurpation
1059 4394 1111 4448 des
1126 4377 1209 4446 [ἕως
1222 4391 1259 4446 de
1270 4379 1386 4458 l’Eglise
1399 4405 1417 4443 a
1430 4388 1517 4441 intro-

258 4472 319 4527 duit
331 4489 367 4528 en
383 4473 463 4527 ltalie
477 4490 514 4527 un
533 4473 655 4529 clement
675 4484 841 4545 permanent
858 4474 893 4528 de
914 4472 1061 4529 discorde?
1075 4473 1129 4527 Les
1143 4480 1235 4526 sectes
1248 4478 1371 4539 penvent
1384 4467 1517 4533 de‘truire‚

259 4568 344 4621 parce
357 4552 472 4622 qu'elles
485 4564 535 4606 ont
547 4569 619 4623 pour
635 4555 674 4608 cri
695 4553 730 4608 de
743 4554 902 4609 ralliement
913 4571 920 4607 ε
933 4570 1033 4622 guerre
1045 4552 1063 4607 a
1075 4537 1192 4621 1’I2gtise
1205 4548 1366 4617 cathoIIque
1378 4565 1387 4612 ;
1399 4547 1469 4600 elles
1482 4562 1518 4599 ne

258 4633 402 4686 sauraient
414 4631 512 4686 edifier
532 4633 559 4687 ni
580 4650 741 4701 conserver,
752 4635 829 4688 faute
848 4633 884 4687 de
905 4632 1047 4702 principes
1059 4632 1106 4703 qui
1126 4629 1243 4684 fondent
1264 4639 1292 4683 et
1312 4626 1519 4681 maintiennent

260 4710 302 4765 les
314 4709 447 4766 sociftes.
460 4711 474 4739 ’³
487 4711 680 4779 (Vennekens,
694 4712 786 4768 Nlces.
798 4713 884 4766 d'une
895 4719 959 4767 rest.
971 4713 1011 4765 du
1023 4717 1109 4782 pouv.
1123 4714 1214 4779 temp„
1227 4714 1255 4774 4⁶
1270 4690 1332 4772 Eu,
1346 4724 1372 4777 p.
1388 4705 1440 4774 51.)
