3496 5482
189 503 238 514 fi·—

623 565 746 616 caaur
773 563 1020 617 unuucnuuu.
1380 540 1446 631 261

193 729 261 805 has
275 729 633 819 animadversiones,
650 730 735 805 licet
750 729 958 806 dubitative
970 728 1188 827 propositas,
1204 752 1288 802 esse
1299 722 1453 800 omnino

195 849 413 926 temerarias
432 866 545 947 atque
562 850 687 923 sensui
710 847 890 924 Ecclesiae
909 847 1048 924 Christi
1066 847 1268 946 oppositas.

250 967 301 1041 Et
319 968 496 1065 quoniam
518 992 594 1041 non
614 994 711 1042 nunc
730 969 890 1066 primum
909 968 1071 1042 humana
1089 966 1247 1041 societas
1267 965 1301 1037 in
1335 986 1453 1037 novas

196 1086 367 1185 ingressa
396 1103 453 1161 est
485 1086 728 1174 conditiones,
759 1088 826 1161 sed
853 1089 931 1186 jam
964 1113 985 1161 a
1015 1085 1151 1161 saeculo
1182 1085 1218 1160 id
1238 1083 1374 1158 lactum
1395 1079 1452 1165 sit,

200 1207 421 1281 Dominium
441 1206 645 1303 temporale
664 1209 711 1282 ab
730 1207 792 1283 illo
809 1235 903 1294 aevo,
917 1210 1024 1309 juxta
1042 1207 1455 1290 auctorissensum,coe·

198 1324 252 1421 pit
274 1325 368 1400 forte
386 1351 471 1400 esse
500 1324 681 1402 Ecclesiae
708 1328 832 1424 potius
860 1329 1011 1403 noxium
1038 1352 1150 1426 quam
1180 1323 1270 1402 utile
1291 1339 1329 1399 et
1356 1336 1457 1396 certe

200 1470 275 1519 non
294 1445 526 1542 aptissimum
546 1447 593 1522 ad
612 1448 943 1523 sanctificationem
962 1449 1180 1523 animarum.

254 1563 306 1637 Et
342 1581 468 1658 tamen
508 1566 595 1640 Pius
631 1566 699 1653 IX,
733 1586 846 1666 atque
879 1567 1058 1665 Episcopi
1089 1566 1210 1641 adhuc
1246 1560 1458 1661 nuperrime

201 1706 300 1754 anno
324 1684 429 1769 1862,
451 1682 538 1758 illud
568 1685 791 1784 reputabant
820 1685 1000 1775 Ecclesia:
1018 1686 1172 1762 omnino
1191 1680 1459 1766 necessarium

202 1799 369 1897 quinimo
391 1802 564 1876 Pontifex
586 1803 750 1879 declarat
764 1831 805 1879 se
820 1815 840 1844 ‘⁴
856 1823 1025 1902 paratum
1044 1831 1137 1888 esse,
1159 1803 1319 1878 animam
1336 1800 1460 1899 potius

203 1943 352 2015 ponere,
385 1947 497 2020 quam
529 1924 624 1998 hanc
659 1925 732 1999 Dei
767 1923 948 2000 Ecclesiae
974 1943 1012 1999 et
1038 1924 1193 2023 justitiae
1220 1946 1369 1998 causam
1397 1917 1459 1993 de·

203 2062 327 2112 serere
347 2039 363 2067 '¹
382 2083 431 2095 -
451 2041 597 2117 civilem
617 2042 756 2119 scilicet
777 2045 959 2118 Romanae
988 2042 1168 2117 Ecclesiae
1197 2039 1459 2137 Principatum.

261 2156 311 2230 Et
333 2156 512 2256 Episcopi
534 2162 666 2236 Romae
685 2162 902 2260 congregati
920 2161 1168 2237 acclamantes
1186 2178 1223 2236 et
1243 2157 1462 2257 plaudentes

207 2273 495 2370 respondebant,
515 2304 556 2352 se
580 2305 663 2352 cum
688 2279 867 2354 Pontifice
893 2280 940 2354 ad
969 2305 1154 2355 carcerem
1182 2297 1220 2355 et
1238 2277 1285 2352 ad
1305 2292 1463 2350 mortem

210 2393 263 2470 ire
296 2416 445 2492 paratos
472 2423 564 2484 esse,
591 2397 775 2497 lllumque
793 2398 982 2473 humiliter
1000 2400 1183 2497 rogabant
1202 2414 1241 2471 ut
1260 2396 1296 2470 in
1315 2419 1360 2470 ea
1378 2417 1462 2468 con·

206 2516 343 2588 stantia
361 2541 404 2590 ac
422 2515 633 2590 firmissimo
653 2517 844 2614 proposito
863 2535 1029 2592 maneret
1048 2514 1257 2591 immobilis.

264 2631 300 2705 N
308 2658 377 2707 unc
396 2634 553 2732 quisque
581 2634 784 2709 catholicus
812 2635 956 2734 judicet
990 2661 1037 2709 an
1067 2634 1271 2709 debeamus
1295 2631 1468 2730 praelatas

209 2749 408 2826 admittere
444 2752 797 2840 animadversiones,
835 2779 883 2827 an
930 2753 1054 2851 potius
1098 2751 1245 2829 oracula
1288 2748 1468 2826 Ecclesiae

209 2870 372 2944 revereri
393 2868 405 2968 (
423 2869 468 2968 l?

259 3000 293 3061 8.
314 2987 483 3082 Quaestio
506 3006 641 3076 autem,
675 2991 722 3065 de
753 3007 829 3064 tam
849 2989 1059 3065 necessario
1085 2988 1264 3064 Dominio
1283 2987 1322 3062 S.
1345 2985 1466 3071 Sedis,

212 3105 422 3181 necessario
446 3108 515 3182 erit
533 3107 691 3205 quaestio
712 3109 892 3183 Romana.
918 3107 1069 3183 Etenim
1090 3123 1258 3181 centrum
1290 3124 1328 3179 et
1359 3121 1470 3200 caput

210 3224 329 3300 civilis
351 3227 582 3325 Principatus
601 3229 737 3303 Vicarii
758 3227 897 3304 Christi
916 3247 974 3303 est
1002 3228 1105 3303 Urbs
1131 3228 1261 3311 Roma,
1283 3251 1367 3323 quae
1394 3247 1469 3297 non

211 3360 269 3417 est
283 3344 339 3417 sui
354 3345 457 3443 jurio,
473 3347 539 3420 sed
554 3345 601 3419 ad
616 3345 825 3421 Ecclesiam
842 3347 1080 3433 Universam,
1103 3370 1170 3420 seu
1188 3345 1235 3418 ad
1254 3365 1469 3441 supremum
1543 3360 1546 3365 ·

212 3461 322 3560 hujus
344 3462 563 3538 Pontificem
587 3465 758 3561 pertinet.

266 3581 387 3655 Roma
416 3582 516 3656 enim
544 3582 800 3658 mirabilitera
824 3585 909 3658 Deo
923 3586 1001 3683 jam
1028 3582 1248 3681 abantiquo
1271 3580 1338 3655 fuit
1364 3581 1473 3654 ekcla

212 3717 326 3797 atque
335 3701 605 3797 predestinata
624 3718 663 3774 ut
683 3701 803 3776 Sedes
822 3702 927 3777 fieret
946 3701 1091 3776 Summi
1122 3699 1323 3774 pontificis.

268 3827 289 3856 “
310 3817 411 3892 Nam
425 3845 521 3915 apex
537 3818 709 3893 humanae
728 3820 865 3919 gloriae,
887 3820 934 3893 ad
965 3845 1077 3918 quam
1099 3821 1222 3893 Roma
1250 3814 1473 3916 providente

219 3934 305 4009 Deo
323 3941 554 4032 peruenerat,
577 3936 726 4037 fastigio
752 3938 893 4012 altioris
912 3963 954 4012 ac
973 3936 1089 4012 divini
1118 3961 1239 4011 rerum
1261 3933 1402 4009 ordinis
1420 3931 1472 4006 lo·

215 4079 299 4127 cum
331 4056 464 4131 cedere
483 4057 655 4143 debebat,
675 4077 715 4132 ut
742 4083 862 4134 novus
885 4085 927 4133 ac
947 4059 1134 4133 inauditus
1156 4059 1295 4131 Rector
1313 4052 1470 4152 populis,

216 4174 317 4271 prius
338 4175 373 4248 vi
400 4194 438 4252 et
465 4175 628 4251 humana
651 4178 797 4277 justitia
824 4177 999 4265 collectis,
1016 4177 1136 4279 gratia
1155 4201 1242 4250 mox
1274 4173 1401 4248 divina
1435 4188 1474 4247 et

217 4292 397 4368 charitate
427 4295 568 4393 junctis
596 4297 822 4393 praesideret.
851 4297 1045 4395 Siquidem
1070 4296 1161 4394 ipsae
1178 4293 1283 4392 leges
1313 4288 1474 4387 explica·

219 4410 330 4484 tionis
361 4428 474 4510 atque
509 4438 729 4512 progressus
758 4415 794 4488 id
818 4415 986 4512 prolecto
1014 4413 1223 4512 exquirunt,
1253 4427 1293 4484 ut
1328 4432 1476 4483 summa

220 4528 327 4602 unius
356 4530 545 4628 perfectio,
566 4531 666 4605 basis
689 4558 731 4606 ac
751 4531 865 4608 veluti
896 4533 1035 4632 gradus
1066 4550 1277 4629 postremus
1308 4526 1473 4612 alterius,

260 4748 281 4787 1.
305 4735 350 4789 De
363 4735 490 4806 Angelis,
503 4736 587 4792 Proel.
595 4738 683 4808 Jurr's
693 4755 763 4808 cam,
777 4737 824 4793 lib.
841 4738 896 4808 111,
910 4739 951 4793 tit.
964 4738 999 4808 V,
1012 4744 1043 4792 n⁰
1058 4750 1098 4808 15.
