3496 5482
243 478 629 493 Ἢ

717 550 838 603 εΑΡυτ
865 549 1032 601 snxruv.
1155 578 1158 591 „
1436 544 1503 620 137
1544 585 1548 591 .

244 721 264 749 “
283 728 398 807 parta,
419 707 541 810 neque
562 711 775 786 hominibus
794 711 915 787 solum
934 711 1100 811 singulis,
1123 712 1189 787 sed
1208 711 1267 786 vel
1288 710 1425 786 familia
1443 710 1503 785 vel

139 878 143 887 -
220 809 263 902 f“
282 831 549 905 communitate
568 830 665 904 civili
684 830 926 915 consociatis:
946 856 1043 927 quae
1062 830 1243 905 beneficia
1262 831 1344 927 ipso
1363 829 1501 905 haben·

148 1016 153 1022 .
242 955 263 983 ‘⁸
283 963 342 1019 tur
361 947 594 1022 inimicorum
627 948 763 1022 iudicio
794 949 1086 1044 testimoniaque
1116 947 1290 1022 maxima.
1316 947 1359 1021 ln
1380 946 1503 1021 huius·

242 1073 262 1102 ‘⁸
283 1064 382 1139 modi
402 1065 601 1140 voluntate
623 1091 764 1148 vesana
789 1084 826 1140 et
859 1081 953 1140 tetra
982 1066 1200 1165 recognosci
1230 1065 1502 1162 propemodum

204 1194 207 1199 ’
242 1190 263 1221 “
283 1183 431 1256 videtur
449 1209 561 1281 posse
576 1183 664 1257 illud
680 1185 811 1280 ipsum,
828 1209 903 1280 quo
919 1183 1079 1258 Satanas
1095 1184 1130 1256 in
1156 1184 1278 1259 lusum
1293 1183 1503 1259 Crinissum
1588 1270 1590 1274 ¹

241 1309 262 1340 ‘⁴
279 1300 395 1386 ardet,
418 1301 631 1398 inexpiable
649 1301 787 1386 odium,
809 1299 1086 1400 ulciscendique
1105 1301 1231 1376 libido.
1462 1308 1464 1313 ’

184 1431 188 1441 ’
292 1434 349 1538 (3)
371 1449 391 1479 ‘⁴
412 1439 590 1515 Similiter
609 1439 697 1514 illud
725 1438 892 1524 alterum,
916 1440 1017 1536 quod
1040 1439 1241 1514 Massones
1259 1439 1504 1527 vehementer

242 1563 264 1593 ‘⁶
284 1575 474 1642 conantur,
496 1557 585 1631 recti
611 1574 724 1655 atque
748 1555 898 1631 honesti
917 1556 1116 1653 praecipue
1136 1555 1380 1629 fundamenta
1398 1578 1503 1628 ever·

168 1765 171 1770 .
244 1682 264 1711 ‘⁸
279 1682 373 1760 tere,
407 1675 671 1772 adiutoresque
701 1700 742 1748 se
763 1674 943 1771 praebere
976 1674 1031 1760 iis,
1069 1674 1132 1771 qui
1165 1698 1268 1748 more
1303 1673 1499 1770 pecudum,

244 1801 264 1831 “
283 1793 546 1890 quodcumque
560 1793 682 1880 libeat,
699 1793 798 1867 idem
814 1791 925 1866 licere
937 1790 1089 1880 vellent,
1103 1790 1192 1865 nihil
1207 1810 1264 1865 est
1278 1788 1378 1865 aliud
1389 1816 1502 1889 quam

184 2007 189 2020 ι
243 1920 402 2010 “genus
420 1913 624 1988 humanum
652 1939 735 1987 cum
755 1912 961 2012 ignominia
986 1928 1026 1986 et
1042 1911 1228 1987 dedecore
1246 1911 1293 1986 ad
1313 1911 1502 1985 interitum

244 2031 486 2134 “impellere.
1253 2040 1256 2045 ’
1499 2041 1501 2045 ’

297 2154 353 2258 (4)
375 2167 395 2197 ‘⁸
415 2159 571 2258 Augent
602 2185 694 2234 vero
725 2156 863 2232 malum
895 2183 949 2244 ea,
982 2183 1080 2256 quae
1103 2157 1139 2230 in
1169 2158 1387 2232 societatem
1418 2182 1502 2230 cum

247 2284 268 2314 “
287 2275 530 2352 domesticam
552 2298 630 2353 tum
649 2275 796 2352 civilem
816 2275 1058 2350 intenduntur
1075 2275 1248 2372 pericula.
1270 2275 1384 2372 Quod
1403 2275 1503 2350 enim

247 2394 376 2469 “alias
395 2397 647 2494 exposuimus,
668 2398 765 2472 inest
793 2397 828 2469 in
859 2396 1096 2471 matrimonio
1114 2422 1259 2471 sacrum
1293 2415 1330 2472 et
1358 2396 1503 2496 religio·

246 2521 266 2551 ‘⁸
285 2505 368 2587 sum
386 2516 564 2611 quiddam
594 2516 761 2590 omnium
794 2515 872 2589 sere
900 2532 937 2589 et
963 2515 1132 2614 gentium
1160 2534 1198 2589 et
1225 2532 1389 2590 aetatum
1417 2540 1502 2589 con·

247 2639 267 2669 “
286 2657 416 2719 sensu;
434 2633 562 2707 divina
581 2651 706 2709 autem
726 2631 810 2733 lege
831 2651 981 2707 cautum
1000 2659 1093 2717 esse,
1125 2658 1172 2707 ne
1192 2633 1364 2732 coniugia
1382 2632 1513 2707 dirimi

246 2758 266 2787 “
286 2746 404 2824 liceat.
422 2750 480 2824 Ea
498 2751 528 2825 si
547 2751 703 2848 prolana
722 2750 822 2836 fiant,
838 2751 868 2824 si
886 2750 1043 2824 distrahi
1062 2749 1180 2837 liceat,
1202 2768 1453 2848 consequatur
1467 2750 1503 2823 in
1604 2767 1624 2840 ζ

246 2876 268 2904 “
288 2866 425 2942 familia
444 2893 597 2944 necesse
612 2888 669 2944 est
684 2870 792 2943 turba
806 2886 843 2943 et
858 2868 1036 2954 confusio,
1051 2870 1309 2944 excidentibus
1324 2870 1372 2944 de
1384 2869 1503 2967 digni·
1594 2926 1596 2930 v

229 2993 268 3052 ,“
287 3003 364 3060 tate
396 2986 551 3074 seminis,
586 2987 726 3062 incerta
758 3013 880 3062 rerum
909 3012 1058 3061 suarum
1088 2986 1426 3087 incolumitatisque
1444 3012 1503 3062 so·

247 3111 268 3140 ‘⁶
288 3102 383 3181 bole.
1341 3100 1345 3107 ¹
1458 3097 1463 3108 ¹

264 3255 267 3260 ·
295 3228 352 3330 (5)
374 3231 553 3307 “Curam
573 3259 664 3309 vero
692 3233 740 3307 de
766 3232 946 3332 religione
976 3230 1123 3330 publice
1155 3232 1334 3308 adhibere
1353 3230 1501 3316 nullam,

246 3356 266 3385 “
285 3365 322 3421 et
341 3349 377 3422 in
393 3351 504 3425 rebus
518 3351 644 3426 civicis
658 3352 884 3438 ordinandis,
901 3353 1089 3451 gerendis,
1108 3353 1234 3427 Deum
1254 3352 1369 3428 nihilo
1384 3353 1504 3452 magis

247 3476 268 3504 ‘¹
287 3468 481 3564 respicere,
507 3496 619 3568 quam
644 3471 675 3544 si
705 3472 858 3546 omnino
889 3495 963 3544 non
991 3489 1102 3557 esset,
1130 3473 1320 3548 temeritas
1338 3490 1396 3546 est
1415 3471 1506 3568 ipsis
1595 3480 1599 3488 '

247 3593 269 3624 '‘
288 3585 446 3661 ethnicis
466 3589 647 3676 inaudita;
665 3614 823 3686 quorum
844 3589 881 3662 in
900 3589 1026 3663 animo
1040 3614 1228 3686 sensuque
1243 3608 1322 3663 erat
1337 3590 1389 3663 sic
1405 3589 1505 3685 peni·

247 3714 267 3741 “
281 3720 346 3803 'tus
360 3705 473 3779 affixa
492 3731 565 3781 non
585 3707 705 3782 solum
725 3708 853 3804 opinio
869 3708 1036 3795 deorum,
1053 3708 1120 3782 sed
1134 3707 1324 3806 religionis
1337 3707 1508 3804 publicae

248 3828 268 3858 ‘⁸
288 3824 500 3910 necessitas,
521 3842 561 3898 ut
582 3826 739 3900 inveniri
759 3825 889 3899 urbem
909 3823 1051 3899 [acilius
1070 3825 1152 3899 sine
1170 3825 1261 3912 solo,
1282 3851 1394 3922 quam
1424 3825 1506 3899 sine

214 4027 217 4032 ¹
248 3947 269 3976 “
290 3937 376 4013 Deo
396 3965 507 4037 posse
525 3943 791 4017 arbitrarentur
797 4001 888 4017 ......

296 4088 352 4148 21.
375 4087 395 4114 “
415 4076 592 4153 Ceterum
611 4106 658 4154 ex
679 4080 731 4164 iis,
754 4105 848 4176 quos
868 4080 1254 4167 commemoravimus
1282 4079 1505 4155 turbulentis

247 4202 268 4232 ‘⁴
287 4194 483 4281 erroribus,
505 4197 690 4272 maximae
702 4216 788 4272 sunt
800 4197 1013 4271 civitatibus
1026 4197 1328 4274 extimescendae
1343 4201 1505 4277 formidi-

247 4320 267 4349 “
288 4337 353 4384 nes
441 4314 650 4387 necessario
668 4334 839 4389 secutura
858 4333 915 4388 est
934 4340 1054 4388 terum
1076 4316 1241 4389 omnium
1261 4320 1505 4394 commutatio

175 4481 179 4489 ‚
249 4440 325 4504 “et
345 4432 502 4506 eversio.

299 4565 319 4593 ‘⁸
343 4556 453 4629 Hanc
486 4556 610 4631 immo⁴
628 4559 956 4633 commutationem
995 4559 1306 4652 eversionemque
1334 4564 1504 4639 consulto

251 4685 270 4712 ‘⁸
290 4674 525 4763 meditantur,
556 4676 667 4775 idque
692 4705 781 4775 prae
799 4705 840 4754 se
860 4678 982 4755 lerunt
1000 4678 1146 4776 plurimi
1165 4703 1503 4762 COMMUNISTARUM
