3496 5482
1116 472 1133 478 ..
1151 473 1172 480 .,
1256 475 1423 484 ,,,,,-,,.,.,....
1442 477 1462 482 -
1487 476 1499 483 .

654 536 745 586 Para
772 535 831 584 SlT
860 536 933 584 REX
963 536 1089 586 ROMAE.

242 718 248 732 ·
295 697 391 794 Quis
405 698 504 772 enim
520 698 578 771 vir
591 698 766 773 cordatus
782 696 876 773 ullus
894 723 1169 797 quamcumque
1183 698 1401 796 profiteatur
1417 698 1501 774 reli·

242 815 405 914 gionem,
434 816 548 890 modo
571 815 715 890 sincere
739 815 928 890 societatis
960 816 1066 892 malis
1085 815 1225 892 mederi
1244 817 1378 914 cupiat,
1397 809 1511 890 hisce'

243 931 415 1008 filialibus
431 931 656 1008 clamoribus
672 935 759 1033 jure
784 934 1113 1010 contradicendum
1133 934 1327 1009 censeret?
1360 928 1501 1008 Nonne

243 1049 421 1126 exaltatio
440 1049 547 1125 almae
567 1051 676 1150 hujus
703 1051 934 1126 auctoritatis
955 1053 1097 1127 cunctis
1124 1052 1259 1152 regnis,
1287 1050 1433 1150 populis
1456 1077 1501 1125 ac

242 1170 397 1257 civibus,
428 1196 503 1246 uno
530 1171 658 1259 verbo,
690 1173 859 1248 societati
889 1173 1062 1247 humanae
1088 1173 1273 1247 universae
1292 1172 1499 1269 prodesset,

242 1288 338 1363 sicut
356 1289 534 1363 continuo
553 1315 619 1387 per
636 1289 771 1365 saecula
790 1291 969 1389 prodesse
990 1292 1069 1366 visa
1087 1291 1174 1366 est?

295 1407 349 1481 Et
376 1431 422 1482 eo
451 1408 571 1507 magis
600 1409 738 1485 nostris
769 1409 1000 1508 temporibus
1024 1428 1135 1509 urget
1164 1407 1394 1497 restauratio,
1423 1433 1501 1506 quo

244 1524 365 1624 magis
396 1524 624 1622 periclitatur
654 1526 776 1602 omnis
807 1526 974 1626 legitima
1008 1527 1219 1615 auctoritas,
1259 1528 1310 1602 ita
1345 1544 1386 1601 ut
1420 1525 1501 1623 qui·

242 1666 402 1741 cumque
433 1643 480 1717 ad
513 1643 651 1718 bonum
682 1644 852 1720 ordinem
878 1645 1068 1720 societatis
1098 1644 1280 1744 quidquid
1311 1642 1500 1718 modicum

242 1760 411 1835 conlerre
432 1779 599 1857 possunt,
629 1764 747 1859 parati
774 1788 857 1838 esse
882 1763 1045 1838 debeant
1072 1764 1161 1839 totis
1186 1762 1328 1836 viribus
1359 1761 1501 1834 incum-

242 1882 331 1956 bere
365 1880 525 1958 libertati
562 1883 599 1958 S.
633 1883 743 1959 Sedis
776 1903 814 1959 et
850 1884 1109 1960 restaurationi
1149 1882 1382 1980 Principatus
1417 1878 1500 1977 ejus

241 2000 371 2076 civilis.

296 2120 428 2218 ltaque
440 2139 480 2196 ut
493 2121 662 2219 apprime
676 2122 839 2221 loquitur
852 2142 889 2198 et
901 2124 1071 2197 hortatur
1083 2118 1498 2216 CardinalisVaughan,

241 2239 400 2335 quaestio
429 2238 601 2315 Romana
628 2240 921 2316 internationalis
948 2260 1006 2316 est
1034 2259 1072 2316 et
1094 2266 1201 2339 aeque
1222 2237 1437 2312 Britannica
1455 2260 1499 2309 ac

246 2354 402 2430 italiana
415 2355 470 2456 (¹),
495 2357 596 2454 quod
615 2359 766 2455 quidem
787 2360 908 2455 ipsum
929 2358 1098 2433 Italicum
1116 2356 1340 2457 gubernium
1358 2352 1498 2451 saepius

239 2477 405 2574 agnovit,
425 2494 537 2573 quam
558 2496 597 2551 ut
615 2504 710 2583 opus
729 2479 776 2553 sit
795 2479 897 2553 hisce
916 2477 1064 2578 longius
1085 2479 1257 2552 insistere
1274 2476 1330 2575 (²)

240 2681 267 2735 le
277 2678 342 2734 bien
351 2693 485 2734 commun
496 2699 504 2746 ;
517 2697 550 2736 ce
560 2682 640 2753 qu’ils
649 2682 708 2738 lont
718 2695 825 2741 surtout
838 2701 873 2740 en
887 2685 1053 2755 protegeant
1063 2696 1091 2740 et
1101 2702 1136 2741 en
1147 2684 1302 2740 defendant
1312 2683 1354 2737 les
1364 2681 1455 2736 droits
1468 2690 1498 2736 et

240 2761 281 2815 les
294 2758 410 2814 inte'rets
423 2760 459 2815 de
471 2760 546 2816 leurs
560 2762 655 2830 sujets.
665 2765 679 2790 ’'
693 2764 827 2833 (Laloret,
840 2767 935 2819 Reone
950 2766 1117 2836 catholr'que,
1137 2777 1154 2820 t.
1169 2763 1278 2818 XXXl.
1292 2781 1318 2832 p.
1333 2760 1405 2831 382.)

279 2853 301 2894 1.
324 2839 381 2894 The
392 2840 504 2894 Roman
513 2844 639 2911 questrbn
647 2845 855 2899 international
861 2846 922 2898 and
930 2844 1050 2914 Britr'slt,
1060 2863 1118 2900 non
1128 2845 1230 2916 purely
1238 2843 1342 2896 italien
1356 2841 1499 2909 (London,

244 2920 567 2987 1889).—Traduction
589 2939 641 2992 par
661 2924 752 2980 l’abbe
775 2927 903 2994 Moreau,
927 2924 1015 2994 Paris,
1039 2925 1150 2990 Palmd3
1175 2924 1326 2991 bruxelles,
1349 2923 1497 2981 Vromant,

246 3000 322 3068 1889.

278 3095 302 3135 2.
324 3081 362 3133 Le
375 3080 502 3137 ministre
515 3083 611 3139 italien
625 3085 739 3155 redigea
757 3103 812 3141 une
832 3087 960 3156 ddpdche
972 3089 989 3142 a
1003 3088 1135 3143 l'adresse
1154 3087 1190 3141 de
1209 3096 1272 3140 tous
1291 3085 1332 3139 les
1351 3082 1499 3151 represen-

241 3169 318 3214 tants
331 3160 367 3214 de
380 3160 481 3216 l’ltalie
494 3163 558 3231 pres
570 3165 623 3219 des
640 3181 723 3220 cours
738 3166 908 3237 strangeres.
923 3169 939 3195 ‘⁶
954 3168 1067 3223 L'ltalie
1086 3179 1129 3222 est
1143 3166 1268 3237 appelee,
1282 3163 1365 3230 dit-il,
1379 3163 1396 3216 a
1409 3161 1501 3231 regler

242 3255 310 3293 avec
320 3240 346 3294 le
358 3241 456 3294 monde
466 3242 624 3314 catholique
637 3246 677 3300 les
690 3247 852 3302 conditions
873 3249 910 3304 de
931 3248 959 3303 la
976 3246 1206 3302 transformation
1218 3246 1256 3300 du
1272 3241 1394 3297 Pouvoir
1407 3240 1500 3311 ponti·

146 3376 148 3381 ⁴
244 3319 317 3374 fical.
329 3320 343 3347 ’¹

280 3398 438 3468 Minghelli
448 3402 651 3458 ambassadeur
661 3406 801 3475 aVienne,
811 3408 958 3479 repond:“
967 3410 1040 3464 Tout
1051 3409 1077 3463 le
1087 3406 1201 3473 monde,
1209 3403 1387 3472 catholiques
1398 3417 1434 3454 ou
1443 3417 1502 3454 non

243 3479 428 3549 catholiques,
441 3491 484 3535 est
498 3482 555 3537 tres
570 3485 728 3556 preoccupe
741 3486 778 3540 de
790 3488 818 3542 la
830 3489 961 3559 question
975 3488 1011 3542 de
1024 3489 1052 3543 la
1064 3486 1164 3543 liberte
1177 3496 1205 3541 et
1218 3486 1254 3538 de
1267 3479 1503 3549 l’independance

244 3557 281 3611 du
295 3557 482 3629 Sam-siege.
503 3562 575 3616 D'oir
596 3563 753 3619 l'intention
774 3566 811 3620 du
834 3578 1057 3637 gouvernement
1078 3566 1180 3622 ltalien
1199 3564 1331 3619 d’arriver
1348 3560 1367 3614 a
1385 3575 1441 3613 une
1454 3575 1503 3612 en-

244 3646 321 3692 tente
334 3653 381 3691 sur
393 3653 427 3693 ce
439 3640 512 3709 sujet
524 3658 592 3696 avec
603 3643 642 3696 les
654 3651 750 3698 autres
755 3648 929 3716 pausantes,
942 3659 986 3703 est
1003 3646 1140 3718 regardee
1153 3660 1264 3700 comme
1277 3657 1345 3710 sage
1358 3649 1386 3694 et
1399 3653 1503 3707 oppor-

244 3725 312 3770 tune
325 3733 396 3785 pour
407 3717 495 3773 evitet
507 3721 559 3775 des
572 3723 788 3791 complications
801 3727 973 3782 ulterieures.
988 3728 1001 3754 ’'

282 3797 316 3849 ln
336 3797 438 3851 eodem
458 3814 542 3854 sensu
562 3802 764 3872 rescripserunt
784 3806 869 3876 legati
895 3808 985 3863 ltaliae
1007 3807 1045 3861 ad
1064 3807 1160 3862 aulam
1180 3802 1399 3863 Londinensem,
1423 3796 1501 3851 Pari·

245 3873 376 3942 siensem,
391 3875 588 3947 Hispanicam,
603 3882 757 3952 Belgicam,
769 3895 821 3940 etc
836 3886 933 3954 (Card.
947 3887 1096 3955 Vaughan,
1109 3886 1160 3956 Op.
1170 3885 1225 3961 ‘ii’
1238 3899 1300 3951 cap.
1315 3891 1354 3932 tv.
1368 3877 1412 3930 La
1423 3894 1504 3947 Μ·

244 3955 305 4006 tion
316 3955 454 4009 Romaine
471 3973 606 4013 reconnue
617 3975 722 4016 comme
732 3964 951 4020 intematr'onale
958 3971 1020 4035 par
1030 3967 1056 4020 le
1063 3967 1286 4036 gouvernement
1295 3957 1415 4023 italt'cn.)

283 4034 355 4087 ltem
368 4033 396 4088 in
411 4035 572 4106 Congressu
586 4041 772 4111 Berolinensi,
789 4062 853 4099 cum
873 4047 983 4115 legatus
998 4045 1088 4101 ltaliae
1101 4043 1256 4115 postularet
1276 4050 1306 4094 ut
1326 4048 1428 4093 ceterae
1451 4035 1504 4089 Po·

246 4122 363 4167 testatas
375 4125 467 4169 ratam
486 4117 623 4174 haberent
638 4132 724 4191 atque
741 4123 924 4192 diplomatice
943 4126 1143 4180 confirmarent
1162 4118 1378 4190 occupationem
1398 4117 1503 4170 Roma·

246 4208 322 4258 nam,
335 4192 497 4250 restiterunt
510 4199 593 4267 legati
608 4201 710 4255 Galliae
722 4212 750 4257 et
763 4205 896 4273 Austriae,
909 4205 1036 4275 quinimo
1050 4203 1210 4275 ipsissimus
1233 4200 1367 4267 Princeps
1389 4195 1425 4249 de
1442 4194 1503 4248 Bis·

247 4272 354 4338 marck,
373 4290 426 4328 nec
447 4276 525 4345 passi
545 4289 609 4333 sunt
631 4289 661 4334 ut
680 4281 742 4335 haec
763 4284 884 4353 quaestio
906 4285 949 4339 vel
967 4284 995 4338 in
1016 4283 1225 4340 discussionem
1247 4278 1362 4333 veniret.
1376 4303 1411 4312 -
1425 4273 1500 4328 Haec

247 4351 386 4406 recusatio
399 4354 526 4423 prolecto
538 4360 680 4413 sententia
692 4370 736 4414 est
749 4361 932 4432 diplomatica
945 4365 956 4432 (
975 4365 994 4432 l.

282 4431 355 4498 Quae
367 4434 509 4490 sententia
520 4452 577 4491 non
590 4438 642 4492 fuit
654 4452 795 4510 revocata,
809 4454 839 4498 ut
852 4453 930 4513 patet
942 4459 977 4499 ex
988 4443 1174 4513 responsione
1193 4434 1353 4496 cancellarii
1366 4431 1501 4503 Austriae,

246 4509 360 4564 comitis
373 4512 506 4583 Kalnoky
517 4517 585 4571 data
597 4516 625 4570 in
639 4517 762 4574 comitiis
774 4522 904 4591 publicis,
917 4539 1015 4578 mense
1028 4520 1147 4578 Octobri
1162 4521 1239 4588 1892.

285 4589 356 4644 lnde
368 4592 466 4646 odium
478 4597 566 4649 oritur
581 4597 748 4652 Massouum
761 4617 829 4672 erga
841 4619 944 4672 corpus
956 4600 1180 4672 diplomaticum.

276 4691 291 4717 '
308 4692 393 4747 Prelot,
406 4703 422 4741 t.
435 4697 472 4754 65,
484 4711 507 4755 p.
520 4713 574 4757 ⁴37»
584 4700 616 4745 de
627 4701 644 4746 't
654 4701 768 4756 Serclaes,
781 4713 797 4751 t.
812 4706 845 4758 ll,
857 4719 880 4764 p.
896 4718 947 4752 aot.
