3496 5482
343 463 613 472 ———..—>-..

327 530 399 601 324
734 527 827 578 ΡΑΡΑ
853 526 912 576 SIT
940 525 1015 575 REX
1045 526 1173 578 ROMAE.

374 687 520 783 Quarto
538 687 639 761 enim
654 686 714 761 vel
726 688 859 784 quinto
876 684 1022 769 saeculo,
1037 683 1108 758 hoc
1123 710 1224 759 novo
1236 687 1317 784 jam
1338 686 1582 762 fundamento

322 805 485 881 humana
504 806 641 880 familia
659 805 838 880 adnititur
853 804 1036 902 novisque
1055 802 1202 903 legibus
1218 804 1459 903 moribusque
1473 807 1581 880 novis

320 948 359 1004 et
374 929 678 1016 institutionibus
693 927 747 1002 uti
759 926 1104 1010 animadvertimus,
1118 926 1268 1024 regitur.
1281 926 1435 1000 Barbari
1444 928 1581 1001 Roma·

322 1072 453 1123 norum
489 1047 685 1145 imperium
705 1063 959 1144 peragrantes,
986 1045 1068 1143 jam
1100 1044 1356 1118 Romanorum
1392 1044 1483 1118 vitia
1514 1071 1583 1143 per

321 1168 464 1244 Orbem
478 1184 649 1268 purgant.
667 1165 852 1262 Quamvis
866 1165 965 1240 enim
979 1164 1123 1240 leroces
1139 1190 1183 1238 ac
1202 1164 1314 1238 rudes
1332 1165 1417 1249 sint,
1432 1164 1580 1239 castita-

321 1306 397 1361 tem
429 1311 506 1383 prae
537 1284 607 1359 illis
637 1304 798 1372 servant,
833 1283 1052 1382 religionem
1081 1282 1276 1381 proniores
1307 1280 1444 1357 colunt.
1478 1282 1581 1356 Hinc

320 1403 530 1478 christianis
567 1402 734 1478 moribus
771 1401 914 1487 imbuti,
958 1400 1133 1475 ferociam
1172 1400 1210 1472 in
1258 1400 1339 1474 dies
1373 1400 1578 1499 deponunt,

322 1547 536 1620 novumque
578 1521 666 1594 novi
711 1520 855 1619 imperii
887 1519 1173 1593 fundamentum
1207 1518 1358 1615 jaciunt.
1409 1517 1580 1616 Quisque

320 1640 419 1714 enirn
456 1637 615 1737 populus
661 1664 736 1712 non
771 1636 930 1734 amplius
971 1635 1018 1710 ad
1062 1635 1157 1710 alios
1192 1636 1263 1709 sibi
1303 1636 1581 1711 submittendos

319 1754 496 1842 studebit,
534 1755 602 1830 sed
647 1755 786 1829 mutuis
814 1755 890 1828 imo
932 1752 1081 1828 auxiliis
1108 1752 1203 1827 alius
1246 1752 1404 1829 alterum
1445 1755 1581 1853 juvare

305 1874 467 1972 gestiet.
517 1873 641 1961 Unde,
686 1874 739 1948 uti
782 1873 956 1959 diximus,
997 1872 1268 1969 amplissimum
1312 1875 1376 1973 jus
1421 1874 1581 1949 interna·

320 1990 460 2068 tionale
491 1994 660 2091 primum,
686 1994 749 2092 jus
784 1993 1040 2078 christianum,
1074 2017 1211 2092 magna
1241 2019 1328 2067 cum
1357 1991 1580 2092 populorum

320 2110 479 2186 utilitate
498 2137 563 2208 per
583 2113 726 2188 Orbem
740 2113 820 2212 jam
839 2113 1000 2198 emicat;
1030 2112 1131 2187 unde
1149 2113 1302 2186 tandem
1333 2112 1492 2187 civilitas
1520 2112 1581 2187 illa

319 2254 409 2303 vera
427 2248 465 2303 et
477 2254 698 2329 progressus
715 2231 914 2306 continuus
932 2231 1154 2304 societatum
1173 2231 1338 2329 Europae
1356 2256 1440 2330 quae
1454 2230 1581 2306 laben·

320 2368 358 2424 te
388 2350 467 2450 jam
500 2350 636 2425 saeculo
673 2350 747 2423 XV
780 2377 846 2448 per
881 2350 1078 2449 Hispaniae
1108 2368 1146 2425 et
1187 2351 1391 2425 Lusitaniae
1432 2370 1578 2451 gentes,

318 2488 459 2545 exeunt
478 2471 585 2545 novis
613 2471 904 2569 ingentibusque
937 2469 1153 2570 regionibus
1172 2468 1277 2542 Asiae
1311 2487 1349 2544 et
1381 2469 1520 2544 Alricae
1541 2489 1580 2545 et

320 2589 514 2687 utriusque
532 2588 720 2662 Americae
738 2589 921 2687 potiturae.

373 2731 430 2806 Ita
448 2756 568 2829 usque
586 2730 634 2804 ad
666 2729 843 2805 saeculum
863 2731 958 2805 XVI
992 2730 1157 2828 Europa
1173 2747 1308 2828 gentes
1337 2730 1386 2804 ab
1409 2729 1581 2806 Ecclesia

317 2848 519 2925 christiana
536 2866 663 2946 partae,
686 2851 834 2924 nutritae
852 2868 966 2948 atque
980 2877 1025 2924 eo
1043 2848 1174 2950 gloriae
1187 2869 1226 2924 et
1244 2850 1477 2925 extensionis
1495 2877 1580 2948 pro·

319 2988 446 3054 vectae‚
468 2993 544 3064 quo
564 2965 698 3040 nullius
718 2992 880 3064 unquam
896 2968 1104 3042 subactoris
1119 2966 1178 3041 vel
1197 2967 1444 3042 dominatoris
1463 2969 1579 3067 impe·

319 3086 413 3158 rium
449 3084 649 3181 protendit,
689 3086 775 3182 jure
818 3086 1027 3182 meritoque
1059 3085 1292 3158 unanimiter
1345 3086 1580 3161 adlzaeserunl

318 3202 493 3276 Ecclesioe
508 3203 688 3275 Romanae
704 3211 740 3274 el
757 3203 938 3275 cathedrce
956 3204 1070 3275 Petri
1087 3213 1264 3301 tanquam
1282 3214 1403 3277 cenlro
1421 3207 1581 3279 unz'talis

317 3331 353 3393 et
368 3321 564 3393 charitalis
583 3322 623 3393 in
637 3320 802 3392 Ecclesia
819 3319 973 3406 Christi,
985 3322 1147 3416 proinde
1162 3348 1205 3393 ac
1235 3321 1272 3394 si
1287 3321 1397 3394 Sedes
1423 3323 1579 3420 Aposto-

319 3441 390 3511 lica
403 3447 491 3511 esset
497 3437 632 3534 forma
644 3448 808 3512 concrela
819 3448 855 3509 el
863 3438 1142 3536 personificatio
1159 3465 1248 3511 vera
1261 3441 1376 3536 ipsius
1388 3441 1580 3537 religonis

317 3556 539 3628 christiano.
561 3555 639 3628 Sed
669 3553 805 3628 saeculo
824 3574 997 3629 vertente
1029 3556 1124 3629 XVI
1147 3555 1272 3653 plures
1302 3557 1351 3629 ab
1371 3556 1440 3631 hac
1459 3558 1579 3633 forma

317 3690 500 3757 concreta,
522 3699 543 3744 a
561 3691 691 3745 centro
715 3671 916 3770 religionis,
938 3689 976 3746 et
995 3673 1046 3746 ita
1075 3698 1097 3745 a
1116 3699 1207 3748 vero
1225 3695 1263 3747 et
1290 3675 1457 3773 genuino
1484 3675 1578 3749 chri·

318 3792 513 3865 stianismo
535 3818 601 3889 per
615 3792 827 3867 innumeras
845 3793 1008 3867 haereses
1027 3812 1064 3867 et
1083 3795 1285 3869 schismata
1303 3795 1521 3870 deficientes
1540 3798 1577 3869 in

318 3909 475 3984 totidem
495 3908 616 3995 salsas,
638 3936 755 4009 vagas
774 3932 811 3984 et
833 3936 983 3983 mancas
1003 3909 1141 3984 sormas
1156 3912 1419 3988 christianismi
1438 3914 1575 4000 abiere,

317 4053 401 4125 quae
420 4028 576 4127 singulae
596 4031 744 4104 nonnisi
765 4029 994 4104 insufficiens
1012 4032 1309 4106 conservationis
1331 4033 1478 4108 socialis
1497 4033 1576 4107 sun·

317 4147 535 4221 damentum
550 4148 756 4246 praebuisse
775 4176 864 4223 mox
883 4150 975 4224 visae
994 4170 1091 4226 sunt.

370 4290 553 4388 Disrupto
571 4317 662 4389 ergo
681 4292 829 4366 vinculo
856 4294 1008 4368 unitatis
1027 4313 1065 4369 et
1083 4295 1273 4370 charitatis
1292 4322 1376 4370 cum
1406 4297 1576 4372 Ecclesia

320 4409 501 4494 Romana,
516 4409 718 4483 adversarii
734 4411 794 4484 alii
813 4412 926 4484 alium
939 4414 1155 4511 excogitare
1177 4435 1372 4509 coeperunt
1385 4414 1574 4489 vinculum

316 4525 453 4601 sociale
473 4525 629 4603 firmum.
654 4529 688 4601 N
696 4555 766 4602 unc
782 4554 849 4626 per
866 4555 997 4626 pacem
1011 4531 1224 4630 religiosam
1238 4533 1423 4632 Augustae
1436 4534 1575 4607 Vinde-

315 4646 469 4720 licorum
488 4670 587 4720 anno
624 4669 716 4742 1555
748 4648 877 4722 initam
907 4649 1143 4746 Respublica,
1176 4652 1212 4724 in
1235 4651 1366 4748 primis
1393 4652 1576 4727 catholica
