3496 5482
591 733 802 815 CAPUT
836 733 1154 814 TERTIUM.

246 907 1503 1009 NecessariusestPrincipatuscivilispropterlibe·

292 1046 409 1107 rum
429 1027 728 1118 exercitium
752 1025 1099 1109 lmmunitatis
1137 1027 1181 1109 S.
1213 1025 1369 1126 sedis,
1395 1048 1501 1129 prae

292 1144 471 1244 primis
491 1145 544 1224 in
563 1145 800 1247 praesenti
820 1164 992 1226 rerum
1010 1149 1155 1242 statu,
1172 1190 1222 1201 —
1235 1150 1285 1226 et
1298 1144 1410 1227 haec
1429 1152 1504 1228 est

292 1263 478 1345 veritas
497 1264 622 1345 adeo
637 1263 755 1346 fidei
775 1262 1044 1346 catholicae
1058 1261 1304 1362 proxima,
1326 1270 1384 1346 ut
1401 1263 1504 1346 fide

294 1385 430 1464 certa
447 1382 659 1465 dicatur.

287 1678 316 1738 l.
334 1677 566 1737 Exercltlum
585 1677 773 1736 Primatus
784 1675 945 1749 requirit
961 1679 998 1734 et
1014 1672 1241 1733 exercitium
1253 1673 1505 1734 immunitatis

244 1776 462 1835 omnimode
473 1775 684 1848 perrectum
698 1776 720 1834 l.
736 1788 768 1835 e.
791 1777 1014 1846 exemptum
1031 1786 1053 1830 a
1067 1783 1310 1845 quacumque
1324 1772 1419 1831 lalca
1434 1773 1503 1846 ju-

242 1876 473 1939 risdictione.
489 1910 530 1920 -
543 1876 578 1935 2.
597 1875 708 1949 Quod
725 1874 892 1935 Ecclesia
906 1872 1118 1932 declaravit
1132 1870 1317 1930 indirecte
1332 1885 1400 1945 per
1409 1886 1504 1931 con-

244 1977 329 2036 cllla
343 1989 431 2049 quae
446 1976 726 2035 damnaverunt
739 1987 804 2034 eos
824 1973 890 2048 qul
905 1971 1087 2031 volebant
1109 1972 1319 2044 temporale
1346 1972 1379 2031 S·
1398 1972 1504 2032 Sedis

243 2058 456 2132 dominium
478 2073 683 2132 destruere.
702 2104 742 2115 —
763 2072 796 2135 3.
816 2070 1033 2130 Declaravit
1048 2070 1191 2129 directe
1214 2082 1281 2141 per
1303 2068 1503 2128 Pontifices
1604 2087 1607 2090 ⁴

242 2182 341 2245 suos,
358 2170 572 2242 praesertim
591 2183 660 2243 per
682 2170 790 2228 Pium
805 2169 890 2227 vll.
914 2201 954 2210 -
967 2167 1006 2227 4.
1032 2167 1140 2225 Pium
1158 2166 1222 2226 lX.
1238 2200 1278 2210 -
1292 2166 1326 2228 5.
1342 2168 1387 2226 Et
1406 2168 1502 2225 Leo-

244 2280 330 2326 nem
346 2268 507 2327 x111.-
522 2269 555 2330 6.
575 2269 683 2327 Fides
699 2266 914 2327 adhibenda
927 2270 984 2325 est
999 2265 1109 2324 dictis
1127 2266 1238 2338 Papae
1254 2265 1293 2322 in
1305 2265 1375 2343 hac
1391 2279 1501 2324 causa

242 2378 320 2425 sua.
339 2399 377 2410 —
390 2366 424 2426 7.
442 2368 584 2425 Eorum
610 2366 871 2425 testimonium
895 2365 1142 2423 confirmatur
1163 2363 1211 2423 ab
1237 2364 1438 2436 Episcopls.
1462 2397 1502 2406 -

243 2464 277 2525 8.
293 2464 439 2522 Veritas
461 2465 628 2524 revelata
643 2465 815 2539 habetur,
833 2468 916 2521 tum
927 2464 992 2535 jus
1008 2462 1257 2521 immunitatis
1274 2462 1395 2535 Papae,
1419 2466 1500 2520 tum

239 2562 304 2635 jus
316 2562 364 2622 ad
377 2563 501 2622 media
512 2562 595 2634 ejus
606 2563 690 2621 usui
701 2562 1024 2635 necessaria.Quid
1035 2561 1082 2620 de
1092 2561 1269 2633 praesenti
1283 2559 1503 2619 necessitate

245 2660 462 2732 temporalis
481 2656 712 2720 (1011111111-
723 2659 755 2721 9.
771 2660 866 2719 Sunt
876 2661 1054 2718 veritates
1069 2658 1268 2717 credendae
1279 2657 1503 2717 ndeinfalll-

243 2757 322 2834 bill,
344 2758 475 2817 innixa
490 2759 705 2818 auctoritati
723 2757 922 2817 Ecclesiae:
943 2756 1234 2828 competibilitas
1254 2755 1375 2815 civilis
1392 2755 1503 2814 Prin-

243 2856 389 2928 cipatus
412 2870 499 2915 oum
527 2857 693 2916 Primatu
719 2856 930 2932 spirituali;
958 2888 998 2910 —
1013 2855 1277 2914 convenientia
1292 2855 1394 2913 llllus
1411 2859 1504 2913 -et

244 2956 443 3015 necessitas
462 2958 694 3029 inpraesenti
711 2968 841 3015 rerum
854 2955 999 3014 ordine.
1011 2989 1051 2997 -
1068 2953 1121 3015 10.
1140 2955 1309 3013 lnaniter
1324 2954 1503 3027 objicitur

244 3059 362 3113 status
385 3056 561 3115 Ecclesiae
583 3069 651 3128 per
671 3060 756 3114 octo
778 3056 904 3128 priora
919 3054 1068 3113 saecula.
1084 3085 1123 3095 -
1142 3054 1189 3111 11.
1208 3053 1416 3112 Necessitas
1430 3053 1502 3112 do-

245 3152 351 3210 mlnli
367 3153 585 3226 temporalis
609 3153 855 3212 confirmatur
878 3165 925 3211 ex
946 3150 1195 3211 incommodis
1218 3164 1305 3224 quae
1327 3152 1504 3209 oriuntur

240 3263 292 3309 οκ
307 3251 388 3323 ejus
400 3253 634 3324 spoliatione.
645 3259 690 3296 ’-
703 3250 757 3315 12.
776 3251 1033 3313 confirmatur
1045 3256 1082 3309 et
1097 3262 1165 3322 per
1179 3249 1386 3309 historiam.

296 3540 324 3598 l.
353 3525 394 3599 Si
425 3551 517 3626 ergo
549 3526 763 3600 immunitas
788 3523 910 3624 plena,
945 3526 1054 3600 sicuti
1083 3544 1140 3599 est
1167 3523 1499 3625 potestas-regalis,

244 3643 423 3739 competit
465 3643 605 3719 Christi
643 3644 793 3718 Vicario
839 3663 992 3741 propter
1040 3644 1282 3718 eminentiam
1318 3643 1502 3719 Primatus

246 3760 312 3847 sui,
333 3761 465 3835 eadem
491 3762 783 3860 independentia
802 3761 851 3835 illi
866 3761 1037 3837 absolute
1052 3762 1261 3837 necessaria
1275 3779 1332 3836 est
1351 3781 1505 3860 propter

245 3880 459 3955 exercitium
479 3883 642 3956 muneris
661 3883 718 3956 sui
738 3882 848 3979 plane
868 3882 1054 3955 immunis.

300 4000 386 4074 Hoc
416 4002 626 4076 necessario
657 4003 826 4099 sequitur
858 4019 1033 4076 enatura
1052 4000 1265 4099 hujusmodi
1293 4002 1503 4088 Primatus;

244 4119 422 4193 asseritur
449 4120 498 4193 ab
529 4121 619 4218 ipsis
646 4121 804 4195 summis
828 4119 1081 4205 Pontificibus
1103 4120 1165 4216 qui
1195 4120 1328 4195 merito
1357 4121 1503 4221 judices

244 4237 381 4310 suntin
400 4237 469 4311 hae
487 4264 599 4312 causa
616 4265 707 4326 sua3
727 4238 968 4313 confirmatur
983 4238 1198 4313 testimonio
1215 4237 1501 4337 Episcoporum,

247 4354 390 4430 ratione
409 4355 621 4454 theologica
639 4374 677 4431 et
696 4357 928 4454 experientia
943 4355 1117 4431 historiae.

300 4472 517 4547 Necessitas
533 4475 766 4570 Principatus
784 4474 918 4574 regalis
931 4499 999 4572 pro
1015 4475 1187 4547 Romano
1202 4472 1382 4548 Pontifice
1400 4492 1503 4571 patet

248 4588 307 4663 vel
326 4616 373 4664 ex
392 4616 438 4664 eo
456 4592 557 4687 quod
576 4592 658 4666 sine
675 4592 843 4666 dominio
870 4590 940 4666 hoc
966 4590 1170 4690 temporali.
1193 4592 1406 4669 immunitas
1428 4593 1502 4669 Pri·

247 4725 368 4780 matus
388 4727 549 4806 nequeat
564 4710 743 4785 exerceri.
786 4756 788 4761 ,
