3496 5482
250 448 441 465 s--—...-..
448 456 612 465 ...ῳ-,ῥ-
1010 458 1032 462 ..
1043 456 1506 468 ..-...-...-.-.....-,,,,.,,,,,-.

600 521 722 571 CAPUT
750 519 929 569 DECIMUM
958 519 1149 582 QUlNTUlll.
1433 503 1498 590 361

250 623 711 632 α---------“-·ξ--.--...-,-Α
725 626 832 631 -.....-
848 625 897 630 .,-.Α
915 625 951 630 ..—
985 624 1121 630 —-.-—--
1147 625 1191 629 -—-.
1262 625 1431 632 ——.--—-.

299 681 398 776 Quia
416 681 516 756 enim
536 682 615 756 haec
630 699 688 758 est
706 680 871 767 victoria,
881 705 966 779 quae
984 680 1100 754 vincit
1119 680 1309 766 mundum,
1332 679 1425 755 fides
1440 707 1504 756 no·

132 797 135 801 ’
247 817 332 886 stra,
354 800 560 875 excitemus
581 801 616 875 in
638 801 745 875 nobis
760 819 873 897 atque
893 799 929 872 in
948 799 1030 871 aliis
1050 817 1087 873 et
1114 799 1326 896 junioribus
1362 800 1505 877 civibus

247 919 382 993 nostris
401 919 514 993 fidem
533 919 806 994 vividissimam
827 917 862 992 in
884 935 1040 991 matrem
1063 916 1270 992 Ecclesiam
1295 918 1503 992 Romanam

246 1038 403 1137 ejusque
424 1038 644 1114 Pontificem
665 1058 703 1113 ut
723 1038 912 1111 Viearium
938 1035 1054 1133 ipsius
1077 1036 1227 1111 Christi.
1250 1037 1396 1134 Sponte
1416 1036 1505 1113 fluet

246 1156 383 1230 exinde
407 1156 597 1231 conclusio
614 1173 847 1254 quantopere
866 1181 960 1251 opus
979 1155 1027 1228 sit
1045 1155 1193 1229 visibile
1226 1155 1349 1253 Caput
1376 1154 1505 1230 Eccle-

246 1275 310 1349 siae
324 1300 369 1349 ea
387 1273 551 1372 perfecta
569 1276 735 1374 gaudere
754 1274 989 1348 immunitate
1008 1292 1045 1348 et
1069 1272 1251 1375 libertatis
1271 1301 1349 1360 usu,
1371 1274 1506 1371 quibus

247 1393 426 1468 donatum
440 1393 540 1468 suita
555 1393 716 1480 Christo,
732 1418 920 1491 quamque
935 1391 1102 1488 iniquum
1118 1392 1260 1467 lacinus
1280 1410 1403 1469 exstet
1421 1419 1506 1490 spo·

245 1510 348 1587 liatio
379 1512 547 1586 Dominii
563 1511 778 1610 temporalis
796 1537 817 1585 a
833 1510 1073 1586 Providentia
1091 1511 1164 1586 Dei
1185 1513 1254 1609 ipsi
1274 1511 1453 1610 assignati
1467 1528 1506 1586 et

247 1648 303 1706 tot
321 1629 540 1705 saeculorum
559 1629 727 1730 legitima
746 1629 985 1728 possessione
1004 1628 1201 1705 obfirmati.

303 1759 361 1832 lta
396 1758 595 1833 occasione
631 1758 719 1833 data
743 1756 837 1832 fides
873 1773 910 1830 et
947 1756 1067 1853 pietas
1103 1755 1223 1830 filialis
1253 1757 1438 1831 excitetur
1469 1757 1505 1830 in

246 1873 557 1961 adolescentibus,
577 1875 652 1949 imo
671 1894 708 1949 et
735 1872 899 1971 parvulis
918 1874 980 1971 qui
1011 1873 1157 1975 scholas
1184 1873 1384 1949 catholicas
1402 1875 1505 1950 adire

247 1992 378 2068 solent.
403 1994 491 2068 Non
505 1993 591 2069 lieet
609 1991 723 2067 ullum
743 1991 965 2068 catholicum
986 2010 1128 2067 tantam
1146 1992 1355 2067 communis
1386 1994 1506 2068 Patris

247 2112 457 2209 angustiam
479 2111 702 2186 indifferenti
722 2096 846 2183 animo
866 2110 1011 2194 intueri,
1033 2110 1193 2206 ideoque
1212 2110 1248 2183 in
1268 2111 1404 2186 scholis
1423 2112 1505 2186 sive

248 2230 431 2326 primariis
459 2231 540 2304 sive
559 2230 701 2316 mediis
721 2229 802 2302 sive
817 2229 972 2325 privatis
990 2229 1071 2302 sive
1090 2227 1385 2302 communalibus
1398 2229 1504 2326 (qua-

249 2372 328 2421 rum
349 2374 444 2423 nunc
470 2350 549 2447 jam
581 2349 703 2423 aditus
733 2364 836 2443 patet
865 2347 1043 2419 ministris
1074 2342 1290 2445 religionis),
1318 2347 1391 2421 imo
1409 2369 1447 2422 et
1467 2349 1503 2422 in

252 2466 574 2541 Universitatibus
592 2467 687 2540 sicut
707 2466 743 2538 in
762 2461 948 2540 Atheneis
967 2489 1035 2561 pro
1055 2484 1265 2561 temporum
1279 2490 1320 2538 ac
1339 2463 1504 2541 locorum

246 2585 443 2683 adjunctis,
464 2585 649 2660 ullatenus
668 2585 778 2659 celari
812 2585 958 2658 funesta
985 2584 1168 2682 spoliati0,
1198 2585 1265 2659 sed
1297 2585 1439 2681 judicio
1468 2605 1505 2663 et

247 2704 549 2777 condemnationi
570 2702 726 2800 publicae
744 2703 883 2800 exponi
902 2701 1026 2777 debet.

300 2839 459 2939 Ecquid,
482 2865 608 2915 nonne
626 2827 837 2938 opportune
855 2859 892 2914 et
912 2840 1123 2937 importune
1138 2832 1388 2916 vindicaretur
1407 2868 1428 2914 a
1446 2866 1504 2915 ca·

248 2957 394 3032 tholicis
411 2959 630 3033 Dominium
656 2958 696 3033 S.
718 2957 838 3043 Sedis,
864 2958 1131 3031 Patrimonium
1154 2958 1194 3031 B.
1218 2957 1328 3046 Petri,
1342 2983 1505 3033 commu·

249 3076 305 3149 nis
336 3102 417 3152 sors
437 3077 549 3152 totins
568 3075 840 3176 catholicitatis,
862 3101 946 3150 cum
966 3075 1047 3171 ipsa
1062 3076 1109 3150 sit
1125 3075 1324 3151 haereditas
1338 3076 1504 3152 omnium

249 3201 428 3282 nostrum,
448 3197 586 3293 quippe
606 3197 642 3270 in
661 3196 831 3271 Ecclesia
851 3222 925 3270 non
944 3221 1074 3270 sumus
1093 3196 1261 3293 hospites
1280 3213 1318 3271 et
1336 3197 1504 3285 advenae,

247 3314 314 3387 sed
331 3312 550 3387 filiifamilias
567 3313 581 3388 ?
598 3315 804 3400 Postrem0,
813 3315 899 3412 jure
912 3313 1151 3413 assignentur
1165 3331 1203 3388 et
1216 3314 1410 3390 tradantur
1423 3315 1506 3390 des·

249 3434 381 3530 pectui,
399 3434 422 3506 ii
441 3435 504 3532 qui
520 3434 556 3507 in
581 3434 687 3509 ltalia
713 3452 800 3508 sunt
826 3434 943 3530 iniqui
961 3435 1179 3509 detentores
1194 3434 1422 3510 haereditatis
1442 3460 1506 3510 no·

247 3570 344 3638 strae,
356 3579 429 3627 non
445 3554 598 3650 genuini
610 3555 762 3651 quidem
779 3553 873 3640 ltali,
884 3554 950 3629 sed
962 3556 1135 3653 gregales
1148 3574 1261 3630 sectae
1274 3556 1507 3655 impiae,quo·

248 3699 327 3746 rum
356 3673 488 3750 affines
517 3693 603 3749 sunt
625 3675 995 3749 Franci-Muratores
1020 3675 1153 3750 Patriae
1174 3695 1320 3762 nostrae,
1345 3701 1503 3774 quorum

245 3793 396 3891 insuper
419 3795 609 3892 principiis
638 3796 864 3881 imbuuntur,
887 3795 1031 3870 etiamsi
1053 3795 1103 3868 rei
1124 3795 1300 3869 inconscii
1320 3797 1403 3882 sint,
1425 3797 1504 3893 qui·

244 3939 404 4010 eumque
423 3914 534 3988 sectis
553 3916 611 3989 vel
639 3914 928 4012 aspirationibus
947 3912 1216 3989 socialistarum
1238 3915 1375 3989 lavent.

299 4047 351 4145 C)
371 4048 422 4122 Et
454 4049 555 4145 quod
576 4047 658 4144 plus
677 4066 745 4134 est,
767 4047 1017 4146 praedicentur
1045 4048 1103 4122 hae
1121 4049 1300 4124 veritates
1319 4049 1501 4146 practicae,

246 4164 501 4264 maximopere
521 4167 620 4263 plebi
640 4168 870 4254 necessariae,
888 4167 924 4241 in
951 4166 1257 4241 instructionibus
1284 4164 1502 4264 parochiali·

245 4284 324 4371 bus,
340 4284 436 4359 intra
456 4286 589 4359 missas
607 4285 907 4371 dominicales,in
926 4284 1085 4359 coetibus
1106 4282 1334 4369 S.Familiae,
1352 4282 1392 4356 S.
1413 4283 1502 4356 Vin·

223 4448 228 4458 ι
243 4404 355 4478 centii
370 4403 392 4477 ὲ
414 4402 538 4491 Paulo,
549 4405 588 4479 S.
600 4405 631 4478 F
636 4405 963 4488 rancisciXaverii,
973 4428 1118 4477 necnon
1138 4422 1176 4476 et
1191 4402 1227 4475 in
1240 4403 1500 4501 congregatio-

243 4520 353 4596 nibus
368 4523 692 4621 conventibusque
712 4524 810 4598 tertii
825 4522 965 4597 ordinis
985 4521 1023 4595 S.
1043 4519 1232 4596 Dominici
1245 4538 1309 4594 aut
1327 4520 1367 4594 S.
1386 4520 1418 4594 F
1421 4545 1503 4594 ran·

240 4640 326 4715 cisci
356 4640 592 4716 Assisiensis.
629 4642 833 4742 Quomodo
864 4642 964 4719 enim
1001 4640 1070 4720 viri
1106 4639 1297 4720 christiani
1330 4657 1368 4715 et
1396 4637 1503 4748 plebs
