3496 5482
241 505 313 594 316
650 521 742 572 rann
768 522 828 573 s1n
856 523 931 572 nex
961 519 1087 571 noue.

820 626 954 632 -—---.-
967 621 1151 631 ——--—-

293 681 459 755 “Roma
494 678 722 778 intangibilis
757 682 834 757 est!
853 682 871 711 ”
888 728 939 738 —
961 682 1019 757 lta
1052 681 1197 762 locutus
1232 698 1290 758 est
1321 679 1402 778 ipse
1430 705 1496 755 rex

243 797 478 873 Humbertus
502 797 529 873 l.

291 926 313 957 ‘⁴
332 915 615 993 Conclamatum
637 918 717 1018 jam
741 936 798 994 est
824 919 872 994 de
898 919 1106 1018 quaestione
1126 917 1311 996 Romana!
1329 915 1348 945 ”
1366 915 1498 993 —Sic

241 1037 421 1137 trigamus
440 1037 574 1136 Crispi.

294 1166 315 1195 ‘⁴
335 1153 521 1230 Saeculum
555 1154 718 1230 luturum
754 1156 825 1231 erit
855 1154 1032 1232 saeculum
1067 1156 1301 1244 Massonum,
1339 1180 1498 1255 quorum

241 1274 410 1348 centrum
432 1272 574 1347 Roma!

295 1402 316 1431 “
339 1391 530 1466 Institutio
548 1395 757 1469 massonica
775 1392 897 1469 locum
916 1393 1113 1492 occupabit
1136 1392 1337 1469 destructae
1370 1391 1499 1467 Eccle-

243 1512 309 1588 siae
326 1509 539 1587 catholicae!

295 1639 316 1670 “
337 1630 426 1705 Fuit
444 1620 566 1706 Roma
586 1630 825 1718 Pontificalis‚
853 1647 890 1706 et
920 1631 1053 1730 ingens
1084 1627 1203 1731 gloria
1223 1628 1405 1705 Ecclesiae
1426 1630 1500 1705 Ro·

242 1749 382 1824 m'anael

293 1876 314 1908 ‘¹
337 1867 433 1942 Haec
451 1866 576 1942 omnia
597 1867 675 1967 jam
694 1865 904 1968 ableganda
922 1885 1008 1943 sunt
1026 1866 1063 1942 in
1090 1866 1300 1967 catalogum
1320 1866 1501 1942 laetorum

242 1988 514 2086 praeteritorum
528 1987 535 2061 l

295 2116 317 2146 ‘⁴
339 2105 474 2180 Hostis
493 2103 764 2181 infensissimus
788 2104 905 2180 ltaliae
929 2105 1106 2203 deinceps
1135 2103 1255 2179 aderit
1284 2103 1364 2202 ipse
1398 2103 1502 2202 Papa

244 2225 302 2300 cui
322 2224 559 2300 indicendum
579 2224 716 2301 bellum
736 2251 901 2323 perenne
919 2244 1032 2324 atque
1050 2222 1346 2299 atrocissimum!
1364 2221 1383 2250 ''

299 2344 357 2418 lta
375 2343 567 2419 vociferati
585 2361 672 2419 sunt
693 2345 839 2419 Lemmi
859 2362 895 2419 et
915 2342 1094 2419 satellites
1112 2344 1194 2443 ejus
1212 2343 1275 2443 qui
1290 2343 1375 2443 jure
1395 2341 1503 2417 meri·

246 2481 360 2560 toque
379 2460 573 2561 prophetae
595 2461 710 2537 Belial
731 2463 968 2559 nuncupandi
987 2462 1133 2537 essent!

297 2579 374 2655 Sed
400 2606 457 2655 vae
488 2580 577 2655 viris
595 2581 682 2655 caeci
712 2582 853 2656 cordis!
874 2582 942 2656 Vae
975 2580 1112 2657 ltaliae!
1143 2580 1248 2655 Licet
1276 2576 1356 2654 haec
1388 2577 1505 2653 verba

245 2697 421 2798 applicari
440 2698 523 2775 isti:
544 2710 566 2740 “
587 2698 786 2796 Prophetae
815 2701 866 2774 tui
897 2701 1070 2776 viderunt
1092 2700 1158 2775 tibi
1190 2696 1281 2773 lalsa
1312 2714 1350 2774 et
1379 2695 1511 2781 stulta,·

247 2844 316 2895 nec
334 2816 553 2917 operiebant
572 2817 804 2916 iniquitatem
824 2836 936 2906 tuam,
961 2836 1001 2893 ut
1021 2837 1057 2893 te
1075 2819 1123 2893 ad
1143 2816 1401 2914 poenitentiam
1422 2839 1505 2914 pro·

247 2956 447 3012 vocarent:
466 2937 641 3011 viderunt
669 2954 800 3037 autem·
827 2937 892 3011 tibi
924 2937 1200 3035 assumptiones
1225 2935 1335 3011 lalsas
1364 2953 1403 3010 et
1430 2933 1505 3034 eje·

249 3054 394 3128 ctiones
413 3052 468 3153 (¹)
488 3052 505 3082 ’⁸

302 3173 461 3248 Minime
479 3172 579 3247 enim
598 3172 929 3249 consideraverunt
948 3199 1095 3248 cursum
1126 3191 1163 3249 et
1191 3172 1314 3273 legem
1335 3199 1356 3247 a
1377 3171 1507 3247 Provi-

250 3291 377 3367 dentia
406 3291 516 3366 rebus
546 3290 718 3365 humanis
743 3291 933 3390 imposita;
953 3291 1143 3390 quomodo
1163 3316 1308 3389 nempe,
1330 3291 1509 3365 continuo

249 3411 375 3485 omnia
394 3427 431 3485 et
449 3408 596 3509 singula
623 3410 803 3484 hactenus
831 3410 1057 3508 disposuerit
1087 3408 1251 3483 suaviter
1282 3427 1320 3484 et
1344 3407 1511 3508 attigerit

251 3529 396 3604 sortiter
412 3529 460 3602 ad
479 3527 740 3602 stabiliendam
760 3546 873 3626 atque
893 3530 1163 3628 protegendam
1195 3526 1406 3603 libertatern
1438 3529 1510 3602 Ec·

251 3646 462 3723 clesiaesuae
474 3643 688 3731 Catholicae‚
698 3663 736 3720 ut
749 3645 830 3742 ipsa
844 3671 963 3745 eaque
992 3645 1070 3719 sola
1082 3662 1298 3720 constanter
1310 3643 1512 3719 haberetur

252 3767 503 3841 firmissimum
520 3782 557 3840 et
576 3765 724 3838 unicum
745 3765 935 3838 munimen
956 3762 1155 3838 Societatis
1174 3762 1357 3839 humanae.

305 3883 418 3980 Quod
437 3883 468 3956 si
487 3883 586 3957 enim
607 3882 704 3956 serio
724 3881 803 3955 haec
822 3882 1133 3967 considerassent,
1155 3879 1264 3979 plane
1282 3905 1433 3980 quoque
1458 3879 1510 3955 in·

254 4001 484 4076 tellexissent
503 4001 700 4074 veritatem
720 3999 854 4073 horum
874 3999 1073 4074 verborum
1101 3999 1240 4074 Leonis
1260 3999 1365 4073 Xlll
1384 4024 1391 4075 :
1410 4000 1511 4098 quod

257 4132 276 4159 “
297 4119 381 4195 huic
399 4119 549 4218 quidem
568 4119 718 4193 divinae
740 4118 1003 4194 Providentiae
1022 4117 1177 4193 consilio
1197 4143 1308 4192 nemo
1336 4134 1393 4192 est
1421 4143 1513 4216 pug-

257 4264 344 4314 nare
371 4263 492 4322 ausus,
522 4237 610 4334 quin
639 4237 757 4312 serius
788 4237 891 4311 ocius
921 4236 1043 4310 inania
1074 4257 1207 4334 coepta
1240 4236 1399 4312 senserit
1417 4235 1473 4336 (²),
1496 4235 1513 4262 '’

255 4375 369 4455 atque
388 4354 702 4430 reformidassent.

296 4616 316 4655 1.
330 4601 437 4670 Jerem.
451 4598 591 4669 Lumcnt„
606 4614 638 4670 11,
655 4617 695 4669 14.
1060 4671 1064 4676 Ι

293 4696 317 4741 2.
338 4680 427 4753 Epist.
441 4680 478 4737 ad
491 4681 575 4740 card.
589 4681 626 4736 de
641 4683 725 4756 Luca,
751 4685 794 4739 De
807 4686 920 4742 Studiis
931 4685 1080 4755 historicis,
1096 4683 1127 4738 18
1142 4684 1213 4754 Aug.
1230 4683 1308 4752 18¹3·
