<?xml version="1.0" encoding="UTF-8"?>
<!DOCTYPE html PUBLIC "-//W3C//DTD XHTML 1.0 Transitional//EN"
    "http://www.w3.org/TR/xhtml1/DTD/xhtml1-transitional.dtd">
<html xmlns="http://www.w3.org/1999/xhtml" xml:lang="en" lang="en">
 <head>
  <title>
</title>
<meta http-equiv="Content-Type" content="text/html;charset=utf-8" />
  <meta name='ocr-system' content='tesseract 3.04.00' />
  <meta name='ocr-capabilities' content='ocr_page ocr_carea ocr_par ocr_line ocrx_word'/>
</head>
<body>
  <div class='ocr_page' id='page_1' title='image "./papasitrexromae00godtgoog_0248.png"; bbox 0 0 3496 5482; ppageno 0'>
   <div class='ocr_carea' id='block_1_1' title="bbox 183 459 651 473">
    <p class='ocr_par' dir='ltr' id='par_1_1' title="bbox 183 459 651 473">
     <span class='ocr_line' id='line_1_1' title="bbox 183 459 651 473; baseline 0.013 -7"><span class='ocrx_word' id='word_1_1' title='bbox 183 459 273 473; x_wconf 44' lang='lat' dir='ltr'>...q-</span> <span class='ocrx_word' id='word_1_2' title='bbox 288 461 335 468; x_wconf 83' lang='lat'><em>.-..</em></span> <span class='ocrx_word' id='word_1_3' title='bbox 355 462 573 471; x_wconf 52' lang='lat'>.-.---.&lt;-..</span> <span class='ocrx_word' id='word_1_4' title='bbox 583 466 651 472; x_wconf 71' lang='lat'>.—</span> 
     </span>
    </p>
   </div>
   <div class='ocr_carea' id='block_1_2' title="bbox 638 526 1437 602">
    <p class='ocr_par' dir='ltr' id='par_1_2' title="bbox 638 526 1437 602">
     <span class='ocr_line' id='line_1_2' title="bbox 638 526 1437 602; baseline 0.005 -26"><span class='ocrx_word' id='word_1_5' title='bbox 638 526 761 578; x_wconf 73' lang='lat' dir='ltr'>caput</span> <span class='ocrx_word' id='word_1_6' title='bbox 788 527 977 578; x_wconf 83' lang='lat' dir='ltr'>uncruuu.</span> <span class='ocrx_word' id='word_1_7' title='bbox 1367 531 1437 602; x_wconf 85' lang='lat'>233</span> 
     </span>
    </p>
   </div>
   <div class='ocr_carea' id='block_1_3' title="bbox 183 685 1511 1380">
    <p class='ocr_par' dir='ltr' id='par_1_3' title="bbox 190 685 1438 904">
     <span class='ocr_line' id='line_1_3' title="bbox 232 685 1438 787; baseline 0.002 -30"><span class='ocrx_word' id='word_1_8' title='bbox 232 697 266 757; x_wconf 90' lang='lat'>8.</span> <span class='ocrx_word' id='word_1_9' title='bbox 297 685 398 781; x_wconf 84' lang='lat' dir='ltr'><strong>Quid</strong></span> <span class='ocrx_word' id='word_1_10' title='bbox 435 688 587 762; x_wconf 87' lang='lat' dir='ltr'>tandem</span> <span class='ocrx_word' id='word_1_11' title='bbox 624 688 750 785; x_wconf 85' lang='lat' dir='ltr'>iniqua</span> <span class='ocrx_word' id='word_1_12' title='bbox 784 706 823 763; x_wconf 92' lang='lat' dir='ltr'>et</span> <span class='ocrx_word' id='word_1_13' title='bbox 855 687 1038 787; x_wconf 84' lang='lat' dir='ltr'>sacrilega</span> <span class='ocrx_word' id='word_1_14' title='bbox 1076 688 1208 763; x_wconf 84' lang='lat' dir='ltr'>Romae</span> <span class='ocrx_word' id='word_1_15' title='bbox 1243 688 1438 785; x_wconf 92' lang='lat' dir='ltr'>occupatio</span> 
     </span>
     <span class='ocr_line' id='line_1_4' title="bbox 190 800 827 904; baseline 0.009 -30"><span class='ocrx_word' id='word_1_16' title='bbox 190 800 328 878; x_wconf 84' lang='lat' dir='ltr'>ltalicae</span> <span class='ocrx_word' id='word_1_17' title='bbox 347 806 487 880; x_wconf 93' lang='lat' dir='ltr'>nationi</span> <span class='ocrx_word' id='word_1_18' title='bbox 507 807 637 881; x_wconf 89' lang='lat' dir='ltr'>unitati</span> <span class='ocrx_word' id='word_1_19' title='bbox 657 805 827 904; x_wconf 85' lang='lat' dir='ltr'>proluit?</span> 
     </span>
    </p>

    <p class='ocr_par' dir='ltr' id='par_1_4' title="bbox 183 922 1436 1142">
     <span class='ocr_line' id='line_1_5' title="bbox 236 922 1436 1024; baseline 0.001 -27"><span class='ocrx_word' id='word_1_20' title='bbox 236 922 428 998; x_wconf 87' lang='lat' dir='ltr'>“Certum</span> <span class='ocrx_word' id='word_1_21' title='bbox 457 927 614 1000; x_wconf 92' lang='lat' dir='ltr'>omnino</span> <span class='ocrx_word' id='word_1_22' title='bbox 642 944 700 1000; x_wconf 92' lang='lat' dir='ltr'>est</span> <span class='ocrx_word' id='word_1_23' title='bbox 731 951 798 1024; x_wconf 94' lang='lat' dir='ltr'>per</span> <span class='ocrx_word' id='word_1_24' title='bbox 818 925 934 1000; x_wconf 84' lang='lat' dir='ltr'><strong>Urbis</strong></span> <span class='ocrx_word' id='word_1_25' title='bbox 964 924 1256 1022; x_wconf 83' lang='lat' dir='ltr'>acquisitionem,</span> <span class='ocrx_word' id='word_1_26' title='bbox 1278 925 1436 999; x_wconf 91' lang='lat' dir='ltr'>divisam</span> 
     </span>
     <span class='ocr_line' id='line_1_6' title="bbox 183 1030 1362 1142; baseline 0.002 -28"><span class='ocrx_word' id='word_1_27' title='bbox 183 1041 307 1137; x_wconf 91' lang='lat' dir='ltr'>potius</span> <span class='ocrx_word' id='word_1_28' title='bbox 330 1042 476 1125; x_wconf 61' lang='lat' dir='ltr'>ltaliam,</span> <span class='ocrx_word' id='word_1_29' title='bbox 494 1044 608 1120; x_wconf 83' lang='lat' dir='ltr'>luisse</span> <span class='ocrx_word' id='word_1_30' title='bbox 625 1070 737 1142; x_wconf 92' lang='lat' dir='ltr'>quam</span> <span class='ocrx_word' id='word_1_31' title='bbox 757 1045 900 1118; x_wconf 86' lang='lat' dir='ltr'>unitate</span> <span class='ocrx_word' id='word_1_32' title='bbox 918 1043 1106 1118; x_wconf 88' lang='lat' dir='ltr'><strong>donatam.</strong></span> <span class='ocrx_word' id='word_1_33' title='bbox 1359 1030 1362 1034; x_wconf 42' lang='grc'><strong><em>’</em></strong></span> 
     </span>
    </p>

    <p class='ocr_par' dir='ltr' id='par_1_5' title="bbox 187 1162 1511 1380">
     <span class='ocr_line' id='line_1_7' title="bbox 237 1162 1511 1261; baseline 0.002 -27"><span class='ocrx_word' id='word_1_34' title='bbox 237 1170 259 1199; x_wconf 85' lang='grc'>“</span> <span class='ocrx_word' id='word_1_35' title='bbox 279 1162 438 1236; x_wconf 84' lang='lat' dir='ltr'>Constat</span> <span class='ocrx_word' id='word_1_36' title='bbox 452 1163 669 1239; x_wconf 84' lang='lat' dir='ltr'>audaciores</span> <span class='ocrx_word' id='word_1_37' title='bbox 684 1164 851 1238; x_wconf 89' lang='lat' dir='ltr'>evasisse</span> <span class='ocrx_word' id='word_1_38' title='bbox 867 1163 1029 1237; x_wconf 92' lang='lat' dir='ltr'>cuiusvis</span> <span class='ocrx_word' id='word_1_39' title='bbox 1042 1163 1192 1261; x_wconf 86' lang='lat' dir='ltr'>generis</span> <span class='ocrx_word' id='word_1_40' title='bbox 1203 1163 1436 1260; x_wconf 89' lang='lat' dir='ltr'>cupiditates,</span> <span class='ocrx_word' id='word_1_41' title='bbox 1508 1197 1511 1205; x_wconf 96' lang='lat'><em>·</em></span> 
     </span>
     <span class='ocr_line' id='line_1_8' title="bbox 187 1280 1439 1380; baseline 0.002 -27"><span class='ocrx_word' id='word_1_42' title='bbox 187 1304 330 1353; x_wconf 92' lang='lat' dir='ltr'>morum</span> <span class='ocrx_word' id='word_1_43' title='bbox 361 1280 559 1369; x_wconf 88' lang='lat' dir='ltr'>licentiam,</span> <span class='ocrx_word' id='word_1_44' title='bbox 591 1284 669 1357; x_wconf 91' lang='lat' dir='ltr'>iure</span> <span class='ocrx_word' id='word_1_45' title='bbox 700 1281 848 1380; x_wconf 92' lang='lat' dir='ltr'>publico</span> <span class='ocrx_word' id='word_1_46' title='bbox 879 1282 1039 1370; x_wconf 81' lang='lat' dir='ltr'>favente,</span> <span class='ocrx_word' id='word_1_47' title='bbox 1070 1280 1144 1356; x_wconf 91' lang='lat' dir='ltr'>late</span> <span class='ocrx_word' id='word_1_48' title='bbox 1175 1282 1314 1379; x_wconf 93' lang='lat' dir='ltr'>ubique</span> <span class='ocrx_word' id='word_1_49' title='bbox 1344 1281 1439 1356; x_wconf 92' lang='lat' dir='ltr'>obti-</span> 
     </span>
    </p>
   </div>
   <div class='ocr_carea' id='block_1_4' title="bbox 185 1397 1627 1499">
    <p class='ocr_par' dir='ltr' id='par_1_6' title="bbox 185 1397 1627 1499">
     <span class='ocr_line' id='line_1_9' title="bbox 185 1397 1627 1499; baseline 0.003 -29"><span class='ocrx_word' id='word_1_50' title='bbox 185 1397 321 1485; x_wconf 91' lang='lat' dir='ltr'>nuisse,</span> <span class='ocrx_word' id='word_1_51' title='bbox 341 1416 380 1473; x_wconf 92' lang='lat' dir='ltr'>et</span> <span class='ocrx_word' id='word_1_52' title='bbox 393 1424 489 1496; x_wconf 90' lang='lat' dir='ltr'>quae</span> <span class='ocrx_word' id='word_1_53' title='bbox 504 1401 590 1475; x_wconf 91' lang='lat' dir='ltr'>inde</span> <span class='ocrx_word' id='word_1_54' title='bbox 605 1402 852 1499; x_wconf 84' lang='lat' dir='ltr'>consequitur,</span> <span class='ocrx_word' id='word_1_55' title='bbox 870 1400 1165 1475; x_wconf 87' lang='lat' dir='ltr'>immunitionem</span> <span class='ocrx_word' id='word_1_56' title='bbox 1182 1398 1268 1474; x_wconf 84' lang='lat' dir='ltr'>fidei</span> <span class='ocrx_word' id='word_1_57' title='bbox 1285 1427 1293 1488; x_wconf 88' lang='lat'>;</span> <span class='ocrx_word' id='word_1_58' title='bbox 1312 1426 1440 1474; x_wconf 94' lang='lat' dir='ltr'>nume·</span> <span class='ocrx_word' id='word_1_59' title='bbox 1542 1486 1544 1490; x_wconf 11' lang='lat' dir='ltr'>y</span> <span class='ocrx_word' id='word_1_60' title='bbox 1626 1440 1627 1444; x_wconf 36' lang='lat'>¹</span> 
     </span>
    </p>
   </div>
   <div class='ocr_carea' id='block_1_5' title="bbox 187 1519 1531 2570">
    <p class='ocr_par' dir='ltr' id='par_1_7' title="bbox 187 1519 1531 1949">
     <span class='ocr_line' id='line_1_10' title="bbox 190 1519 1440 1618; baseline 0.002 -28"><span class='ocrx_word' id='word_1_61' title='bbox 190 1541 269 1590; x_wconf 93' lang='lat' dir='ltr'>rum</span> <span class='ocrx_word' id='word_1_62' title='bbox 292 1519 503 1593; x_wconf 89' lang='lat' dir='ltr'>excrevisse</span> <span class='ocrx_word' id='word_1_63' title='bbox 525 1544 664 1607; x_wconf 90' lang='lat' dir='ltr'>eorum,</span> <span class='ocrx_word' id='word_1_64' title='bbox 691 1520 754 1617; x_wconf 95' lang='lat' dir='ltr'>qui</span> <span class='ocrx_word' id='word_1_65' title='bbox 777 1519 882 1618; x_wconf 85' lang='lat' dir='ltr'>leges</span> <span class='ocrx_word' id='word_1_66' title='bbox 901 1519 1047 1592; x_wconf 91' lang='lat' dir='ltr'>divinas</span> <span class='ocrx_word' id='word_1_67' title='bbox 1078 1519 1335 1616; x_wconf 89' lang='lat' dir='ltr'>humanasque</span> <span class='ocrx_word' id='word_1_68' title='bbox 1354 1543 1440 1593; x_wconf 93' lang='lat' dir='ltr'>con·</span> 
     </span>
     <span class='ocr_line' id='line_1_11' title="bbox 191 1632 1531 1734; baseline 0.002 -25"><span class='ocrx_word' id='word_1_69' title='bbox 191 1651 382 1723; x_wconf 90' lang='lat' dir='ltr'>temnunt;</span> <span class='ocrx_word' id='word_1_70' title='bbox 414 1637 594 1712; x_wconf 85' lang='lat' dir='ltr'>sactiones</span> <span class='ocrx_word' id='word_1_71' title='bbox 623 1664 778 1713; x_wconf 92' lang='lat' dir='ltr'>numero</span> <span class='ocrx_word' id='word_1_72' title='bbox 806 1664 849 1713; x_wconf 93' lang='lat' dir='ltr'>ac</span> <span class='ocrx_word' id='word_1_73' title='bbox 868 1638 904 1711; x_wconf 94' lang='lat' dir='ltr'>vi</span> <span class='ocrx_word' id='word_1_74' title='bbox 937 1656 1065 1712; x_wconf 92' lang='lat' dir='ltr'>auctas</span> <span class='ocrx_word' id='word_1_75' title='bbox 1085 1663 1168 1712; x_wconf 89' lang='lat' dir='ltr'>esse</span> <span class='ocrx_word' id='word_1_76' title='bbox 1201 1636 1442 1734; x_wconf 74' lang='lat' dir='ltr'>[urentesque</span> <span class='ocrx_word' id='word_1_77' title='bbox 1498 1632 1531 1666; x_wconf 69' lang='lat'><strong>⁵</strong></span> 
     </span>
     <span class='ocr_line' id='line_1_12' title="bbox 187 1753 1440 1854; baseline 0.001 -26"><span class='ocrx_word' id='word_1_78' title='bbox 187 1753 392 1854; x_wconf 84' lang='lat' dir='ltr'>phalangas</span> <span class='ocrx_word' id='word_1_79' title='bbox 411 1757 621 1831; x_wconf 90' lang='lat' dir='ltr'>coniuratas</span> <span class='ocrx_word' id='word_1_80' title='bbox 640 1757 676 1831; x_wconf 89' lang='lat' dir='ltr'>in</span> <span class='ocrx_word' id='word_1_81' title='bbox 696 1757 940 1832; x_wconf 90' lang='lat' dir='ltr'>evertendum</span> <span class='ocrx_word' id='word_1_82' title='bbox 968 1756 1116 1832; x_wconf 90' lang='lat' dir='ltr'>civilem</span> <span class='ocrx_word' id='word_1_83' title='bbox 1135 1773 1248 1854; x_wconf 87' lang='lat' dir='ltr'>atque</span> <span class='ocrx_word' id='word_1_84' title='bbox 1266 1755 1440 1830; x_wconf 90' lang='lat' dir='ltr'>socialem</span> 
     </span>
     <span class='ocr_line' id='line_1_13' title="bbox 188 1873 368 1949; baseline 0.011 -3"><span class='ocrx_word' id='word_1_85' title='bbox 188 1873 368 1949; x_wconf 87' lang='lat' dir='ltr'>ordinem.</span> 
     </span>
    </p>

    <p class='ocr_par' dir='ltr' id='par_1_8' title="bbox 188 1991 1487 2570">
     <span class='ocr_line' id='line_1_14' title="bbox 239 1991 1487 2094; baseline 0.002 -29"><span class='ocrx_word' id='word_1_86' title='bbox 239 2003 259 2031; x_wconf 80' lang='lat'>‘¹</span> <span class='ocrx_word' id='word_1_87' title='bbox 283 1993 385 2069; x_wconf 93' lang='lat' dir='ltr'>lnter</span> <span class='ocrx_word' id='word_1_88' title='bbox 404 2012 458 2069; x_wconf 92' lang='lat' dir='ltr'>tot</span> <span class='ocrx_word' id='word_1_89' title='bbox 487 1995 667 2070; x_wconf 86' lang='lat' dir='ltr'>malorum</span> <span class='ocrx_word' id='word_1_90' title='bbox 686 1995 847 2070; x_wconf 89' lang='lat' dir='ltr'>eluviem</span> <span class='ocrx_word' id='word_1_91' title='bbox 867 2012 970 2069; x_wconf 85' lang='lat' dir='ltr'>secta</span> <span class='ocrx_word' id='word_1_92' title='bbox 998 1993 1078 2070; x_wconf 87' lang='lat' dir='ltr'>haec</span> <span class='ocrx_word' id='word_1_93' title='bbox 1096 1991 1354 2094; x_wconf 80' lang='lat' dir='ltr'>(Massonum)</span> <span class='ocrx_word' id='word_1_94' title='bbox 1381 2018 1443 2068; x_wconf 88' lang='lat' dir='ltr'>ne·</span> <span class='ocrx_word' id='word_1_95' title='bbox 1486 2087 1487 2090; x_wconf 8' lang='grc' dir='ltr'><strong>Ἴ</strong></span> 
     </span>
     <span class='ocr_line' id='line_1_15' title="bbox 190 2111 1443 2212; baseline 0 -28"><span class='ocrx_word' id='word_1_96' title='bbox 190 2135 376 2210; x_wconf 90' lang='lat' dir='ltr'>quaquam</span> <span class='ocrx_word' id='word_1_97' title='bbox 395 2114 561 2211; x_wconf 87' lang='lat' dir='ltr'>quiescit,</span> <span class='ocrx_word' id='word_1_98' title='bbox 583 2116 649 2190; x_wconf 91' lang='lat' dir='ltr'>sed</span> <span class='ocrx_word' id='word_1_99' title='bbox 669 2112 805 2189; x_wconf 91' lang='lat' dir='ltr'>bellum</span> <span class='ocrx_word' id='word_1_100' title='bbox 827 2114 984 2187; x_wconf 79' lang='lat' dir='ltr'>ferocius</span> <span class='ocrx_word' id='word_1_101' title='bbox 1000 2113 1134 2188; x_wconf 82' lang='lat' dir='ltr'>inferre</span> <span class='ocrx_word' id='word_1_102' title='bbox 1153 2113 1275 2212; x_wconf 89' lang='lat' dir='ltr'>pergit</span> <span class='ocrx_word' id='word_1_103' title='bbox 1295 2113 1331 2186; x_wconf 94' lang='lat' dir='ltr'>in</span> <span class='ocrx_word' id='word_1_104' title='bbox 1350 2111 1443 2185; x_wconf 91' lang='lat' dir='ltr'>divi·</span> 
     </span>
     <span class='ocr_line' id='line_1_16' title="bbox 189 2229 1448 2337; baseline -0.001 -33"><span class='ocrx_word' id='word_1_105' title='bbox 189 2256 276 2305; x_wconf 92' lang='lat' dir='ltr'>num</span> <span class='ocrx_word' id='word_1_106' title='bbox 297 2230 384 2306; x_wconf 92' lang='lat' dir='ltr'>illud</span> <span class='ocrx_word' id='word_1_107' title='bbox 408 2233 634 2319; x_wconf 88' lang='lat' dir='ltr'>lnstitutum,</span> <span class='ocrx_word' id='word_1_108' title='bbox 656 2234 693 2307; x_wconf 93' lang='lat' dir='ltr'>in</span> <span class='ocrx_word' id='word_1_109' title='bbox 711 2258 786 2330; x_wconf 89' lang='lat' dir='ltr'>quo</span> <span class='ocrx_word' id='word_1_110' title='bbox 815 2249 1004 2330; x_wconf 86' lang='lat' dir='ltr'>oporteret</span> <span class='ocrx_word' id='word_1_111' title='bbox 1024 2230 1241 2305; x_wconf 88' lang='lat' dir='ltr'>validissimi</span> <span class='ocrx_word' id='word_1_112' title='bbox 1269 2229 1448 2337; x_wconf 90' lang='lat' dir='ltr'>praesidii</span> 
     </span>
     <span class='ocr_line' id='line_1_17' title="bbox 188 2347 1443 2450; baseline 0.001 -28"><span class='ocrx_word' id='word_1_113' title='bbox 188 2375 293 2447; x_wconf 89' lang='lat' dir='ltr'>spem</span> <span class='ocrx_word' id='word_1_114' title='bbox 315 2351 454 2448; x_wconf 87' lang='lat' dir='ltr'>reponi,</span> <span class='ocrx_word' id='word_1_115' title='bbox 474 2398 525 2409; x_wconf 97' lang='lat'><strong>—</strong></span> <span class='ocrx_word' id='word_1_116' title='bbox 542 2352 758 2440; x_wconf 85' lang='lat' dir='ltr'>Ecclesiam,</span> <span class='ocrx_word' id='word_1_117' title='bbox 780 2351 964 2436; x_wconf 90' lang='lat' dir='ltr'>videlicet,</span> <span class='ocrx_word' id='word_1_118' title='bbox 983 2351 1175 2450; x_wconf 91' lang='lat' dir='ltr'>speciatim</span> <span class='ocrx_word' id='word_1_119' title='bbox 1188 2376 1278 2426; x_wconf 91' lang='lat' dir='ltr'>vero</span> <span class='ocrx_word' id='word_1_120' title='bbox 1297 2347 1443 2423; x_wconf 87' lang='lat' dir='ltr'>visibile</span> 
     </span>
     <span class='ocr_line' id='line_1_18' title="bbox 190 2468 508 2570; baseline 0.006 -28"><span class='ocrx_word' id='word_1_121' title='bbox 190 2468 270 2542; x_wconf 89' lang='lat' dir='ltr'>eius</span> <span class='ocrx_word' id='word_1_122' title='bbox 285 2488 396 2567; x_wconf 92' lang='lat' dir='ltr'>caput</span> <span class='ocrx_word' id='word_1_123' title='bbox 416 2469 469 2570; x_wconf 83' lang='grc'>(’)</span> <span class='ocrx_word' id='word_1_124' title='bbox 490 2471 508 2497; x_wconf 91' lang='grc'><em>”</em></span> 
     </span>
    </p>
   </div>
   <div class='ocr_carea' id='block_1_6' title="bbox 241 2588 1667 2687">
    <p class='ocr_par' dir='ltr' id='par_1_9' title="bbox 241 2588 1667 2687">
     <span class='ocr_line' id='line_1_19' title="bbox 241 2588 1667 2687; baseline -0.004 -26"><span class='ocrx_word' id='word_1_125' title='bbox 241 2588 454 2663; x_wconf 78' lang='lat' dir='ltr'>Anormalis</span> <span class='ocrx_word' id='word_1_126' title='bbox 473 2589 552 2664; x_wconf 85' lang='lat' dir='ltr'>haec</span> <span class='ocrx_word' id='word_1_127' title='bbox 578 2591 714 2686; x_wconf 91' lang='lat' dir='ltr'>positio</span> <span class='ocrx_word' id='word_1_128' title='bbox 743 2589 900 2687; x_wconf 81' lang='lat' dir='ltr'>praevisa</span> <span class='ocrx_word' id='word_1_129' title='bbox 921 2588 1039 2664; x_wconf 83' lang='lat' dir='ltr'>iuerat</span> <span class='ocrx_word' id='word_1_130' title='bbox 1068 2615 1089 2662; x_wconf 89' lang='lat' dir='ltr'>a</span> <span class='ocrx_word' id='word_1_131' title='bbox 1123 2588 1346 2685; x_wconf 90' lang='lat' dir='ltr'>quibusdam</span> <span class='ocrx_word' id='word_1_132' title='bbox 1366 2612 1447 2682; x_wconf 91' lang='lat' dir='ltr'>per·</span> <span class='ocrx_word' id='word_1_133' title='bbox 1558 2635 1561 2641; x_wconf 84' lang='lat'><em>·</em></span> <span class='ocrx_word' id='word_1_134' title='bbox 1663 2620 1667 2630; x_wconf 96' lang='lat'><em>·</em></span> 
     </span>
    </p>
   </div>
   <div class='ocr_carea' id='block_1_7' title="bbox 136 2704 1449 3874">
    <p class='ocr_par' dir='ltr' id='par_1_10' title="bbox 190 2704 1445 2925">
     <span class='ocr_line' id='line_1_20' title="bbox 190 2704 1445 2806; baseline -0.002 -26"><span class='ocrx_word' id='word_1_135' title='bbox 190 2706 399 2804; x_wconf 90' lang='lat' dir='ltr'>spicacibus</span> <span class='ocrx_word' id='word_1_136' title='bbox 417 2709 505 2782; x_wconf 93' lang='lat' dir='ltr'>viris</span> <span class='ocrx_word' id='word_1_137' title='bbox 525 2707 693 2806; x_wconf 88' lang='lat' dir='ltr'>politicis,</span> <span class='ocrx_word' id='word_1_138' title='bbox 715 2709 777 2805; x_wconf 95' lang='lat' dir='ltr'>qui</span> <span class='ocrx_word' id='word_1_139' title='bbox 796 2733 878 2782; x_wconf 92' lang='lat' dir='ltr'>eam</span> <span class='ocrx_word' id='word_1_140' title='bbox 900 2707 1141 2782; x_wconf 83' lang='lat' dir='ltr'>reformidare</span> <span class='ocrx_word' id='word_1_141' title='bbox 1159 2725 1197 2781; x_wconf 90' lang='lat' dir='ltr'>et</span> <span class='ocrx_word' id='word_1_142' title='bbox 1215 2723 1255 2780; x_wconf 96' lang='lat' dir='ltr'>ut</span> <span class='ocrx_word' id='word_1_143' title='bbox 1274 2704 1445 2779; x_wconf 91' lang='lat' dir='ltr'>nocivam</span> 
     </span>
     <span class='ocr_line' id='line_1_21' title="bbox 191 2825 913 2925; baseline 0 -26"><span class='ocrx_word' id='word_1_144' title='bbox 191 2825 370 2923; x_wconf 86' lang='lat' dir='ltr'>repellere</span> <span class='ocrx_word' id='word_1_145' title='bbox 390 2851 578 2925; x_wconf 90' lang='lat' dir='ltr'>nunquam</span> <span class='ocrx_word' id='word_1_146' title='bbox 598 2846 840 2902; x_wconf 90' lang='lat' dir='ltr'>cessaverunt</span> <span class='ocrx_word' id='word_1_147' title='bbox 860 2825 913 2925; x_wconf 73' lang='lat' dir='ltr'>(l</span> 
     </span>
    </p>

    <p class='ocr_par' dir='ltr' id='par_1_11' title="bbox 136 2941 1447 3401">
     <span class='ocr_line' id='line_1_22' title="bbox 242 2941 1447 3039; baseline -0.002 -21"><span class='ocrx_word' id='word_1_148' title='bbox 242 2944 354 3039; x_wconf 86' lang='lat' dir='ltr'>Quod</span> <span class='ocrx_word' id='word_1_149' title='bbox 377 2944 425 3018; x_wconf 90' lang='lat' dir='ltr'>illi</span> <span class='ocrx_word' id='word_1_150' title='bbox 458 2945 620 3020; x_wconf 84' lang='lat' dir='ltr'>futurum</span> <span class='ocrx_word' id='word_1_151' title='bbox 652 2971 736 3021; x_wconf 92' lang='lat' dir='ltr'>esse</span> <span class='ocrx_word' id='word_1_152' title='bbox 765 2946 939 3021; x_wconf 91' lang='lat' dir='ltr'>viderunt</span> <span class='ocrx_word' id='word_1_153' title='bbox 958 2964 995 3019; x_wconf 89' lang='lat' dir='ltr'>et</span> <span class='ocrx_word' id='word_1_154' title='bbox 1018 2944 1088 3018; x_wconf 94' lang='lat' dir='ltr'>hoc</span> <span class='ocrx_word' id='word_1_155' title='bbox 1114 2945 1212 3018; x_wconf 94' lang='lat' dir='ltr'>idem</span> <span class='ocrx_word' id='word_1_156' title='bbox 1244 2943 1359 3017; x_wconf 90' lang='lat' dir='ltr'>nostri</span> <span class='ocrx_word' id='word_1_157' title='bbox 1378 2941 1447 3016; x_wconf 91' lang='lat' dir='ltr'>viri</span> 
     </span>
     <span class='ocr_line' id='line_1_23' title="bbox 193 3061 1447 3159; baseline -0.002 -23"><span class='ocrx_word' id='word_1_158' title='bbox 193 3061 330 3159; x_wconf 92' lang='lat' dir='ltr'>politici</span> <span class='ocrx_word' id='word_1_159' title='bbox 350 3063 466 3138; x_wconf 92' lang='lat' dir='ltr'>velint</span> <span class='ocrx_word' id='word_1_160' title='bbox 499 3064 616 3139; x_wconf 88' lang='lat' dir='ltr'>nolint</span> <span class='ocrx_word' id='word_1_161' title='bbox 635 3064 749 3138; x_wconf 92' lang='lat' dir='ltr'>visuri</span> <span class='ocrx_word' id='word_1_162' title='bbox 770 3064 844 3138; x_wconf 92' lang='lat' dir='ltr'>sint</span> <span class='ocrx_word' id='word_1_163' title='bbox 863 3089 1016 3139; x_wconf 90' lang='lat' dir='ltr'>necesse</span> <span class='ocrx_word' id='word_1_164' title='bbox 1035 3082 1115 3138; x_wconf 92' lang='lat' dir='ltr'>est:</span> <span class='ocrx_word' id='word_1_165' title='bbox 1141 3062 1323 3147; x_wconf 91' lang='lat' dir='ltr'>nimirum,</span> <span class='ocrx_word' id='word_1_166' title='bbox 1345 3066 1447 3134; x_wconf 90' lang='lat' dir='ltr'>inva-</span> 
     </span>
     <span class='ocr_line' id='line_1_24' title="bbox 136 3180 1446 3281; baseline -0.003 -26"><span class='ocrx_word' id='word_1_167' title='bbox 136 3214 139 3219; x_wconf 94' lang='lat'><em>·</em></span> <span class='ocrx_word' id='word_1_168' title='bbox 192 3183 334 3257; x_wconf 90' lang='lat' dir='ltr'>sionem</span> <span class='ocrx_word' id='word_1_169' title='bbox 357 3183 524 3257; x_wconf 89' lang='lat' dir='ltr'>Dominii</span> <span class='ocrx_word' id='word_1_170' title='bbox 559 3183 596 3258; x_wconf 91' lang='lat' dir='ltr'>S.</span> <span class='ocrx_word' id='word_1_171' title='bbox 619 3183 729 3258; x_wconf 90' lang='lat' dir='ltr'>Sedis</span> <span class='ocrx_word' id='word_1_172' title='bbox 761 3202 949 3281; x_wconf 91' lang='lat' dir='ltr'>parturam</span> <span class='ocrx_word' id='word_1_173' title='bbox 973 3208 1057 3257; x_wconf 91' lang='lat' dir='ltr'>esse</span> <span class='ocrx_word' id='word_1_174' title='bbox 1075 3181 1199 3280; x_wconf 90' lang='lat' dir='ltr'>potius</span> <span class='ocrx_word' id='word_1_175' title='bbox 1223 3180 1446 3255; x_wconf 86' lang='lat' dir='ltr'>discordiam</span> 
     </span>
     <span class='ocr_line' id='line_1_25' title="bbox 192 3300 933 3401; baseline 0.001 -27"><span class='ocrx_word' id='word_1_176' title='bbox 192 3327 303 3399; x_wconf 85' lang='lat' dir='ltr'>quam</span> <span class='ocrx_word' id='word_1_177' title='bbox 324 3302 502 3376; x_wconf 90' lang='lat' dir='ltr'>unitatem</span> <span class='ocrx_word' id='word_1_178' title='bbox 524 3302 661 3377; x_wconf 91' lang='lat' dir='ltr'>nedum</span> <span class='ocrx_word' id='word_1_179' title='bbox 681 3304 856 3377; x_wconf 89' lang='lat' dir='ltr'>unionem</span> <span class='ocrx_word' id='word_1_180' title='bbox 876 3300 933 3401; x_wconf 84' lang='lat'><strong>(³).</strong></span> 
     </span>
    </p>

    <p class='ocr_par' dir='ltr' id='par_1_12' title="bbox 192 3419 1449 3874">
     <span class='ocr_line' id='line_1_26' title="bbox 248 3419 1447 3518; baseline -0.003 -25"><span class='ocrx_word' id='word_1_181' title='bbox 248 3421 339 3495; x_wconf 92' lang='lat' dir='ltr'>Ideo</span> <span class='ocrx_word' id='word_1_182' title='bbox 357 3422 478 3494; x_wconf 91' lang='lat' dir='ltr'>adhuc</span> <span class='ocrx_word' id='word_1_183' title='bbox 497 3422 660 3518; x_wconf 91' lang='lat' dir='ltr'>pressius</span> <span class='ocrx_word' id='word_1_184' title='bbox 680 3440 736 3496; x_wconf 90' lang='lat' dir='ltr'>est</span> <span class='ocrx_word' id='word_1_185' title='bbox 757 3421 987 3518; x_wconf 90' lang='lat' dir='ltr'>inspicienda</span> <span class='ocrx_word' id='word_1_186' title='bbox 1007 3437 1243 3495; x_wconf 91' lang='lat' dir='ltr'>monstruosa</span> <span class='ocrx_word' id='word_1_187' title='bbox 1261 3419 1341 3493; x_wconf 83' lang='lat' dir='ltr'>haec</span> <span class='ocrx_word' id='word_1_188' title='bbox 1360 3443 1447 3491; x_wconf 92' lang='lat' dir='ltr'>ano·</span> 
     </span>
     <span class='ocr_line' id='line_1_27' title="bbox 194 3537 1447 3638; baseline -0.003 -26"><span class='ocrx_word' id='word_1_189' title='bbox 194 3538 312 3614; x_wconf 89' lang='lat' dir='ltr'>maiia.</span> <span class='ocrx_word' id='word_1_190' title='bbox 334 3541 539 3614; x_wconf 90' lang='lat' dir='ltr'>Videamus</span> <span class='ocrx_word' id='word_1_191' title='bbox 559 3540 760 3638; x_wconf 89' lang='lat' dir='ltr'>quomod0,</span> <span class='ocrx_word' id='word_1_192' title='bbox 794 3557 947 3637; x_wconf 89' lang='lat' dir='ltr'>propter</span> <span class='ocrx_word' id='word_1_193' title='bbox 965 3540 1140 3638; x_wconf 85' lang='lat' dir='ltr'>injustam</span> <span class='ocrx_word' id='word_1_194' title='bbox 1170 3537 1447 3635; x_wconf 89' lang='lat' dir='ltr'>possessionem</span> 
     </span>
     <span class='ocr_line' id='line_1_28' title="bbox 196 3656 1446 3756; baseline -0.002 -24"><span class='ocrx_word' id='word_1_195' title='bbox 196 3658 322 3742; x_wconf 84' lang='lat' dir='ltr'>Urbis,</span> <span class='ocrx_word' id='word_1_196' title='bbox 343 3677 466 3732; x_wconf 88' lang='lat' dir='ltr'>careat</span> <span class='ocrx_word' id='word_1_197' title='bbox 481 3683 635 3756; x_wconf 86' lang='lat' dir='ltr'>regnum</span> <span class='ocrx_word' id='word_1_198' title='bbox 657 3657 825 3733; x_wconf 89' lang='lat' dir='ltr'>italicum</span> <span class='ocrx_word' id='word_1_199' title='bbox 845 3659 946 3731; x_wconf 93' lang='lat' dir='ltr'>omni</span> <span class='ocrx_word' id='word_1_200' title='bbox 967 3657 1154 3733; x_wconf 89' lang='lat' dir='ltr'>elemento</span> <span class='ocrx_word' id='word_1_201' title='bbox 1173 3656 1446 3742; x_wconf 90' lang='lat' dir='ltr'>conservativ0,</span> 
     </span>
     <span class='ocr_line' id='line_1_29' title="bbox 192 3774 1449 3874; baseline -0.002 -24"><span class='ocrx_word' id='word_1_202' title='bbox 192 3778 292 3874; x_wconf 95' lang='lat' dir='ltr'>quod</span> <span class='ocrx_word' id='word_1_203' title='bbox 312 3777 594 3851; x_wconf 78' lang='lat' dir='ltr'>[undamentum</span> <span class='ocrx_word' id='word_1_204' title='bbox 620 3795 677 3851; x_wconf 91' lang='lat' dir='ltr'>est</span> <span class='ocrx_word' id='word_1_205' title='bbox 703 3802 745 3849; x_wconf 93' lang='lat' dir='ltr'>ac</span> <span class='ocrx_word' id='word_1_206' title='bbox 764 3777 863 3849; x_wconf 90' lang='lat' dir='ltr'>basis</span> <span class='ocrx_word' id='word_1_207' title='bbox 882 3777 1023 3851; x_wconf 92' lang='lat' dir='ltr'>ordinis</span> <span class='ocrx_word' id='word_1_208' title='bbox 1053 3774 1191 3872; x_wconf 91' lang='lat' dir='ltr'>politici</span> <span class='ocrx_word' id='word_1_209' title='bbox 1222 3774 1316 3848; x_wconf 90' lang='lat' dir='ltr'>firmi</span> <span class='ocrx_word' id='word_1_210' title='bbox 1335 3791 1449 3871; x_wconf 89' lang='lat' dir='ltr'>atque</span> 
     </span>
    </p>
   </div>
   <div class='ocr_carea' id='block_1_8' title="bbox 194 3972 1468 4756">
    <p class='ocr_par' dir='ltr' id='par_1_13' title="bbox 233 3972 885 4042">
     <span class='ocr_line' id='line_1_30' title="bbox 233 3972 885 4042; baseline 0 -17"><span class='ocrx_word' id='word_1_211' title='bbox 233 3987 253 4026; x_wconf 89' lang='lat'>1.</span> <span class='ocrx_word' id='word_1_212' title='bbox 275 3974 328 4041; x_wconf 90' lang='lat' dir='ltr'>Ep.</span> <span class='ocrx_word' id='word_1_213' title='bbox 342 3973 378 4026; x_wconf 91' lang='lat' dir='ltr'>ad</span> <span class='ocrx_word' id='word_1_214' title='bbox 392 3973 476 4027; x_wconf 89' lang='lat' dir='ltr'>Card.</span> <span class='ocrx_word' id='word_1_215' title='bbox 489 3972 650 4042; x_wconf 87' lang='lat' dir='ltr'>Rampolla‚</span> <span class='ocrx_word' id='word_1_216' title='bbox 665 3986 698 4037; x_wconf 79' lang='lat'>24</span> <span class='ocrx_word' id='word_1_217' title='bbox 714 3973 791 4041; x_wconf 89' lang='lat' dir='ltr'>Sept.</span> <span class='ocrx_word' id='word_1_218' title='bbox 810 3972 885 4041; x_wconf 82' lang='lat'>1895.</span> 
     </span>
    </p>

    <p class='ocr_par' dir='ltr' id='par_1_14' title="bbox 194 4049 1468 4280">
     <span class='ocr_line' id='line_1_31' title="bbox 231 4049 1449 4120; baseline 0 -16"><span class='ocrx_word' id='word_1_219' title='bbox 231 4067 254 4104; x_wconf 85' lang='lat'>2.</span> <span class='ocrx_word' id='word_1_220' title='bbox 277 4053 342 4120; x_wconf 86' lang='lat' dir='ltr'>Ipse</span> <span class='ocrx_word' id='word_1_221' title='bbox 356 4052 485 4106; x_wconf 86' lang='lat' dir='ltr'>minister</span> <span class='ocrx_word' id='word_1_222' title='bbox 499 4052 611 4106; x_wconf 89' lang='lat' dir='ltr'>Cavour</span> <span class='ocrx_word' id='word_1_223' title='bbox 624 4050 732 4106; x_wconf 88' lang='lat' dir='ltr'>dixerat</span> <span class='ocrx_word' id='word_1_224' title='bbox 745 4071 751 4106; x_wconf 93' lang='lat'>:</span> <span class='ocrx_word' id='word_1_225' title='bbox 766 4064 780 4107; x_wconf 83' lang='lat' dir='ltr'>t</span> <span class='ocrx_word' id='word_1_226' title='bbox 794 4053 887 4106; x_wconf 90' lang='lat' dir='ltr'>Toute</span> <span class='ocrx_word' id='word_1_227' title='bbox 903 4051 1045 4106; x_wconf 88' lang='lat' dir='ltr'>annexion</span> <span class='ocrx_word' id='word_1_228' title='bbox 1068 4051 1191 4108; x_wconf 89' lang='lat' dir='ltr'>violente</span> <span class='ocrx_word' id='word_1_229' title='bbox 1205 4051 1241 4106; x_wconf 91' lang='lat' dir='ltr'>de</span> <span class='ocrx_word' id='word_1_230' title='bbox 1256 4051 1347 4104; x_wconf 86' lang='lat' dir='ltr'>Rome</span> <span class='ocrx_word' id='word_1_231' title='bbox 1364 4049 1449 4105; x_wconf 88' lang='lat' dir='ltr'>serait</span> 
     </span>
     <span class='ocr_line' id='line_1_32' title="bbox 195 4130 1468 4207; baseline -0.002 -23"><span class='ocrx_word' id='word_1_232' title='bbox 195 4147 266 4199; x_wconf 87' lang='lat' dir='ltr'>pour</span> <span class='ocrx_word' id='word_1_233' title='bbox 278 4130 379 4185; x_wconf 83' lang='lat' dir='ltr'>l‘ltalie</span> <span class='ocrx_word' id='word_1_234' title='bbox 392 4148 503 4186; x_wconf 84' lang='lat' dir='ltr'>comme</span> <span class='ocrx_word' id='word_1_235' title='bbox 518 4148 571 4184; x_wconf 88' lang='lat' dir='ltr'>une</span> <span class='ocrx_word' id='word_1_236' title='bbox 585 4132 653 4185; x_wconf 86' lang='lat' dir='ltr'>robe</span> <span class='ocrx_word' id='word_1_237' title='bbox 666 4131 701 4184; x_wconf 88' lang='lat' dir='ltr'>de</span> <span class='ocrx_word' id='word_1_238' title='bbox 716 4133 834 4185; x_wconf 89' lang='lat' dir='ltr'>Nessus.</span> <span class='ocrx_word' id='word_1_239' title='bbox 850 4143 864 4186; x_wconf 84' lang='lat'><strong>›</strong></span> <span class='ocrx_word' id='word_1_240' title='bbox 880 4132 914 4200; x_wconf 89' lang='lat' dir='ltr'>(J.</span> <span class='ocrx_word' id='word_1_241' title='bbox 931 4133 966 4184; x_wconf 90' lang='lat' dir='ltr'>D.</span> <span class='ocrx_word' id='word_1_242' title='bbox 979 4132 1010 4185; x_wconf 88' lang='lat' dir='ltr'>F.</span> <span class='ocrx_word' id='word_1_243' title='bbox 1024 4133 1047 4201; x_wconf 92' lang='lat' dir='ltr'>J.</span> <span class='ocrx_word' id='word_1_244' title='bbox 1067 4161 1101 4170; x_wconf 93' lang='lat'>-</span> <span class='ocrx_word' id='word_1_245' title='bbox 1115 4131 1210 4186; x_wconf 81' lang='lat' dir='ltr'>Lettre</span> <span class='ocrx_word' id='word_1_246' title='bbox 1231 4131 1265 4184; x_wconf 82' lang='lat' dir='ltr'>de</span> <span class='ocrx_word' id='word_1_247' title='bbox 1282 4131 1357 4183; x_wconf 82' lang='lat' dir='ltr'>Llon</span> <span class='ocrx_word' id='word_1_248' title='bbox 1370 4130 1455 4183; x_wconf 88' lang='lat' dir='ltr'><em>XIII</em></span> <span class='ocrx_word' id='word_1_249' title='bbox 1464 4198 1468 4207; x_wconf 38' lang='grc' dir='ltr'>Ι</span> 
     </span>
     <span class='ocr_line' id='line_1_33' title="bbox 194 4210 553 4280; baseline 0.008 -19"><span class='ocrx_word' id='word_1_250' title='bbox 194 4227 233 4262; x_wconf 85' lang='lat' dir='ltr'>au</span> <span class='ocrx_word' id='word_1_251' title='bbox 246 4211 320 4263; x_wconf 84' lang='lat' dir='ltr'>card.</span> <span class='ocrx_word' id='word_1_252' title='bbox 336 4212 445 4280; x_wconf 61' lang='lat' dir='ltr'>Rumpi„</span> <span class='ocrx_word' id='word_1_253' title='bbox 459 4229 484 4278; x_wconf 88' lang='lat' dir='ltr'>p.</span> <span class='ocrx_word' id='word_1_254' title='bbox 500 4210 553 4276; x_wconf 85' lang='lat'><em>21.)</em></span> 
     </span>
    </p>

    <p class='ocr_par' dir='ltr' id='par_1_15' title="bbox 196 4289 1452 4756">
     <span class='ocr_line' id='line_1_34' title="bbox 231 4289 1450 4359; baseline 0.001 -17"><span class='ocrx_word' id='word_1_255' title='bbox 231 4304 254 4357; x_wconf 84' lang='lat'>3.</span> <span class='ocrx_word' id='word_1_256' title='bbox 275 4289 355 4358; x_wconf 84' lang='lat' dir='ltr'>“Qui</span> <span class='ocrx_word' id='word_1_257' title='bbox 369 4306 405 4345; x_wconf 91' lang='lat' dir='ltr'>ne</span> <span class='ocrx_word' id='word_1_258' title='bbox 418 4290 475 4344; x_wconf 88' lang='lat' dir='ltr'>voit</span> <span class='ocrx_word' id='word_1_259' title='bbox 484 4291 511 4344; x_wconf 93' lang='lat' dir='ltr'>la</span> <span class='ocrx_word' id='word_1_260' title='bbox 525 4289 658 4344; x_wconf 88' lang='lat' dir='ltr'>situation</span> <span class='ocrx_word' id='word_1_261' title='bbox 670 4292 817 4345; x_wconf 86' lang='lat' dir='ltr'>anormale</span> <span class='ocrx_word' id='word_1_262' title='bbox 829 4301 856 4344; x_wconf 89' lang='lat' dir='ltr'>et</span> <span class='ocrx_word' id='word_1_263' title='bbox 871 4290 964 4344; x_wconf 76' lang='lat' dir='ltr'>meme</span> <span class='ocrx_word' id='word_1_264' title='bbox 986 4290 1103 4345; x_wconf 88' lang='lat' dir='ltr'>ridicule</span> <span class='ocrx_word' id='word_1_265' title='bbox 1117 4290 1200 4345; x_wconf 73' lang='lat' dir='ltr'>creec</span> <span class='ocrx_word' id='word_1_266' title='bbox 1220 4290 1384 4359; x_wconf 77' lang='lat' dir='ltr'>al’Europe</span> <span class='ocrx_word' id='word_1_267' title='bbox 1397 4305 1450 4358; x_wconf 89' lang='lat' dir='ltr'>par</span> 
     </span>
     <span class='ocr_line' id='line_1_35' title="bbox 196 4369 1449 4442; baseline 0.001 -22"><span class='ocrx_word' id='word_1_268' title='bbox 196 4370 221 4422; x_wconf 87' lang='lat' dir='ltr'>le</span> <span class='ocrx_word' id='word_1_269' title='bbox 234 4381 456 4436; x_wconf 84' lang='lat' dir='ltr'>gouvernement</span> <span class='ocrx_word' id='word_1_270' title='bbox 471 4370 576 4436; x_wconf 87' lang='lat' dir='ltr'>italien,</span> <span class='ocrx_word' id='word_1_271' title='bbox 591 4370 696 4437; x_wconf 87' lang='lat' dir='ltr'>quand,</span> <span class='ocrx_word' id='word_1_272' title='bbox 709 4370 835 4442; x_wconf 77' lang='lat' dir='ltr'>defucto,</span> <span class='ocrx_word' id='word_1_273' title='bbox 850 4369 867 4422; x_wconf 92' lang='lat' dir='ltr'>il</span> <span class='ocrx_word' id='word_1_274' title='bbox 886 4370 1049 4439; x_wconf 88' lang='lat' dir='ltr'>s’assujettit</span> <span class='ocrx_word' id='word_1_275' title='bbox 1062 4370 1079 4423; x_wconf 76' lang='lat' dir='ltr'>a</span> <span class='ocrx_word' id='word_1_276' title='bbox 1093 4370 1129 4423; x_wconf 91' lang='lat' dir='ltr'>lui</span> <span class='ocrx_word' id='word_1_277' title='bbox 1144 4381 1172 4424; x_wconf 88' lang='lat' dir='ltr'>et</span> <span class='ocrx_word' id='word_1_278' title='bbox 1190 4371 1271 4424; x_wconf 73' lang='lat' dir='ltr'>ason</span> <span class='ocrx_word' id='word_1_279' title='bbox 1288 4370 1449 4422; x_wconf 88' lang='lat' dir='ltr'>Parlement</span> 
     </span>
     <span class='ocr_line' id='line_1_36' title="bbox 196 4449 1448 4520; baseline -0.001 -19"><span class='ocrx_word' id='word_1_280' title='bbox 196 4450 221 4501; x_wconf 87' lang='lat' dir='ltr'>le</span> <span class='ocrx_word' id='word_1_281' title='bbox 235 4451 382 4502; x_wconf 81' lang='lat' dir='ltr'>souverain</span> <span class='ocrx_word' id='word_1_282' title='bbox 400 4450 519 4516; x_wconf 84' lang='lat' dir='ltr'>Pontile‚</span> <span class='ocrx_word' id='word_1_283' title='bbox 533 4466 565 4503; x_wconf 92' lang='lat' dir='ltr'>sa</span> <span class='ocrx_word' id='word_1_284' title='bbox 579 4465 647 4502; x_wconf 90' lang='lat' dir='ltr'>cour</span> <span class='ocrx_word' id='word_1_285' title='bbox 659 4461 687 4503; x_wconf 88' lang='lat' dir='ltr'>et</span> <span class='ocrx_word' id='word_1_286' title='bbox 701 4460 765 4503; x_wconf 89' lang='lat' dir='ltr'>tous</span> <span class='ocrx_word' id='word_1_287' title='bbox 778 4467 823 4503; x_wconf 89' lang='lat' dir='ltr'>ses</span> <span class='ocrx_word' id='word_1_288' title='bbox 837 4449 982 4503; x_wconf 88' lang='lat' dir='ltr'>officiers?</span> <span class='ocrx_word' id='word_1_289' title='bbox 997 4450 1020 4502; x_wconf 93' lang='lat' dir='ltr'>ll</span> <span class='ocrx_word' id='word_1_290' title='bbox 1034 4450 1134 4518; x_wconf 86' lang='lat' dir='ltr'>iaudra</span> <span class='ocrx_word' id='word_1_291' title='bbox 1144 4450 1209 4504; x_wconf 89' lang='lat' dir='ltr'>bien</span> <span class='ocrx_word' id='word_1_292' title='bbox 1224 4467 1278 4520; x_wconf 91' lang='lat' dir='ltr'>que</span> <span class='ocrx_word' id='word_1_293' title='bbox 1293 4450 1318 4502; x_wconf 89' lang='lat' dir='ltr'>ie</span> <span class='ocrx_word' id='word_1_294' title='bbox 1332 4464 1448 4516; x_wconf 87' lang='lat' dir='ltr'>gouver·</span> 
     </span>
     <span class='ocr_line' id='line_1_37' title="bbox 196 4528 1450 4597; baseline 0 -17"><span class='ocrx_word' id='word_1_295' title='bbox 196 4540 310 4581; x_wconf 88' lang='lat' dir='ltr'>nement</span> <span class='ocrx_word' id='word_1_296' title='bbox 326 4528 421 4583; x_wconf 88' lang='lat' dir='ltr'>italien</span> <span class='ocrx_word' id='word_1_297' title='bbox 436 4530 564 4583; x_wconf 88' lang='lat' dir='ltr'>redresse</span> <span class='ocrx_word' id='word_1_298' title='bbox 577 4538 652 4582; x_wconf 89' lang='lat' dir='ltr'>cette</span> <span class='ocrx_word' id='word_1_299' title='bbox 665 4529 807 4583; x_wconf 89' lang='lat' dir='ltr'>anomalie</span> <span class='ocrx_word' id='word_1_300' title='bbox 820 4546 889 4583; x_wconf 90' lang='lat' dir='ltr'>avec</span> <span class='ocrx_word' id='word_1_301' title='bbox 907 4546 942 4581; x_wconf 94' lang='lat' dir='ltr'>ou</span> <span class='ocrx_word' id='word_1_302' title='bbox 963 4546 1030 4582; x_wconf 86' lang='lat' dir='ltr'>sans</span> <span class='ocrx_word' id='word_1_303' title='bbox 1044 4529 1218 4584; x_wconf 82' lang='lat' dir='ltr'>l&#39;assistance</span> <span class='ocrx_word' id='word_1_304' title='bbox 1232 4530 1268 4583; x_wconf 90' lang='lat' dir='ltr'>de</span> <span class='ocrx_word' id='word_1_305' title='bbox 1282 4529 1422 4597; x_wconf 81' lang='lat' dir='ltr'>l¹Europe</span> <span class='ocrx_word' id='word_1_306' title='bbox 1436 4528 1450 4554; x_wconf 87' lang='lat'>¹’</span> 
     </span>
     <span class='ocr_line' id='line_1_38' title="bbox 198 4607 1452 4684; baseline 0.002 -24"><span class='ocrx_word' id='word_1_307' title='bbox 198 4607 293 4671; x_wconf 88' lang='lat' dir='ltr'>(Card.</span> <span class='ocrx_word' id='word_1_308' title='bbox 308 4608 455 4675; x_wconf 83' lang='lat' dir='ltr'>Vaughan‚</span> <span class='ocrx_word' id='word_1_309' title='bbox 470 4608 512 4661; x_wconf 83' lang='lat' dir='ltr'>La</span> <span class='ocrx_word' id='word_1_310' title='bbox 525 4607 652 4677; x_wconf 71' lang='lat' dir='ltr'>question</span> <span class='ocrx_word' id='word_1_311' title='bbox 665 4610 790 4660; x_wconf 81' lang='lat' dir='ltr'>romainr</span> <span class='ocrx_word' id='word_1_312' title='bbox 811 4615 853 4660; x_wconf 82' lang='lat' dir='ltr'>es!</span> <span class='ocrx_word' id='word_1_313' title='bbox 866 4610 1086 4664; x_wconf 75' lang='lat' dir='ltr'>internarr&#39;onale</span> <span class='ocrx_word' id='word_1_314' title='bbox 1107 4615 1134 4662; x_wconf 84' lang='lat' dir='ltr'>et</span> <span class='ocrx_word' id='word_1_315' title='bbox 1145 4609 1274 4684; x_wconf 79' lang='lat' dir='ltr'>anglur&#39;sc</span> <span class='ocrx_word' id='word_1_316' title='bbox 1286 4613 1315 4661; x_wconf 81' lang='lat' dir='ltr'>et</span> <span class='ocrx_word' id='word_1_317' title='bbox 1331 4625 1387 4661; x_wconf 83' lang='lat' dir='ltr'>nrm</span> <span class='ocrx_word' id='word_1_318' title='bbox 1395 4612 1452 4684; x_wconf 79' lang='lat' dir='ltr'>pas</span> 
     </span>
     <span class='ocr_line' id='line_1_39' title="bbox 196 4687 741 4756; baseline 0.004 -17"><span class='ocrx_word' id='word_1_319' title='bbox 196 4687 348 4739; x_wconf 80' lang='lat' dir='ltr'>senlemmt</span> <span class='ocrx_word' id='word_1_320' title='bbox 358 4688 499 4754; x_wconf 76' lang='lat' dir='ltr'>r&#39;trrlr‘ennc,</span> <span class='ocrx_word' id='word_1_321' title='bbox 514 4688 595 4756; x_wconf 88' lang='lat' dir='ltr'>chap.</span> <span class='ocrx_word' id='word_1_322' title='bbox 613 4688 638 4753; x_wconf 82' lang='lat'>1,</span> <span class='ocrx_word' id='word_1_323' title='bbox 654 4687 741 4756; x_wconf 82' lang='lat' dir='ltr'>note.)</span> 
     </span>
    </p>
   </div>
   <div class='ocr_carea' id='block_1_9' title="bbox 0 0 1770 5482">
    <p class='ocr_par' dir='ltr' id='par_1_16' title="bbox 0 0 1770 5482">
     <span class='ocr_line' id='line_1_40' title="bbox 0 0 1770 5482; baseline 0 0"><span class='ocrx_word' id='word_1_324' title='bbox 0 0 1770 5482; x_wconf 95' lang='lat' dir='ltr'> </span> 
     </span>
    </p>
   </div>
  </div>
 </body>
</html>
