3496 5482
517 668 726 814 carur
754 730 1093 831 Qunnruu.

176 890 469 974 iustissima
504 899 578 975 est
618 893 865 992 possessio
904 893 1224 992 principatus
1265 894 1434 976 civilis

228 1009 273 1092 S.
296 1009 437 1094 Sedis
462 1029 582 1092 cum
610 1011 675 1092 sit
705 1011 953 1110 singulari
984 1010 1202 1094 consilio
1236 1011 1434 1096 Divinae

228 1127 568 1210 Providentiae
586 1129 866 1212 referenda.

217 1402 245 1464 1.
263 1403 535 1478 Antiquissima
548 1411 639 1465 sunt
650 1407 733 1479 ejus
748 1407 870 1469 initia.
887 1440 926 1451 —
941 1406 975 1469 2.
996 1409 1178 1480 Legitima
1193 1416 1248 1469 est
1264 1408 1347 1481 ejus
1366 1421 1432 1466 ac-

173 1501 329 1572 quisitio
341 1508 379 1563 et
395 1505 589 1581 possessiO,
607 1507 755 1564 ratione
770 1506 901 1566 habita
916 1511 997 1565 tum
1020 1506 1255 1566 admirabilis
1269 1506 1433 1580 disposi-

173 1599 289 1658 tionis
308 1601 573 1677 Providentiae,
597 1607 680 1662 tum
707 1606 834 1676 legum
858 1604 1125 1664 humanarum.
1149 1637 1188 1647 -
1212 1605 1244 1666 3.
1263 1605 1433 1664 Historia

172 1699 388 1758 ostenditur
415 1700 519 1759 hunc
557 1701 813 1774 principatum
843 1711 985 1779 acceptum
1014 1704 1139 1775 potius
1175 1703 1289 1762 fuisse
1317 1715 1431 1777 quam

172 1798 387 1869 quaesitum.
405 1831 444 1841 -
457 1799 495 1858 4.
515 1799 607 1871 Eius
630 1801 850 1861 constitutio
871 1800 1005 1860 finalis.
1021 1835 1061 1845 -
1083 1802 1116 1862 5.
1134 1801 1232 1874 Quid
1248 1801 1320 1860 hac
1336 1802 1373 1859 in
1390 1814 1431 1860 re

173 1895 248 1964 egit
276 1895 313 1954 Β.
342 1897 499 1958 carolus
524 1899 692 1968 Magnus.
716 1931 756 1941 —
781 1899 815 1960 6.
833 1899 1064 1959 Donationes
1085 1899 1369 1972 subsequentes
1391 1932 1448 1943 -·

60 1996 63 2001 ’
171 1988 208 2048 7.·
221 1990 441 2050 Conclusio:
456 2005 531 2051 non
548 1993 661 2052 datur
678 1994 916 2067 principatus
932 1995 1054 2054 civilis
1077 1995 1177 2054 ullus
1192 1995 1287 2056 adeo
1304 1996 1430 2067 legiti-

172 2099 269 2164 mus‚
285 2091 470 2163 possessio
487 2091 564 2150 ulla
579 2092 672 2151 adeo
684 2092 798 2167 justa.

224 2375 253 2437 1.
278 2361 388 2435 lnitia
404 2360 508 2436 istius
530 2361 763 2459 Principatus
778 2362 896 2437 civilis
915 2363 977 2461 qui
997 2363 1044 2437 ad
1062 2364 1271 2437 Romanam
1288 2363 1427 2438 Sedem

172 2480 333 2579 pertinet
352 2480 612 2580 antiquissima
641 2499 738 2567 sunt,
760 2499 797 2554 et
816 2507 837 2554 a
857 2479 994 2555 saeculo
1024 2482 1184 2582 septimo
1203 2499 1240 2557 et
1275 2507 1428 2580 praeser-
1526 2579 1531 2584 ἱ

171 2601 235 2674 tim
256 2619 391 2673 octavo
412 2598 592 2674 Ecclesiae
611 2619 732 2673 ortum
752 2599 904 2677 ducunt.

222 2694 252 2758 “⁶
263 2717 364 2812 Quin
397 2717 496 2792 enirn
529 2718 753 2803 insistamus,
784 2717 917 2792 merito
942 2720 993 2792 ait
1028 2718 1089 2793 De
1109 2716 1278 2817 Angelis,
1312 2717 1348 2791 in
1371 2717 1426 2791 di-

170 2837 254 2912 vino
283 2838 426 2934 afflatu,
460 2863 545 2935 quo,
574 2839 683 2935 juxta
713 2837 930 2923 Eusebium,
958 2839 1229 2912 Constantinus
1261 2838 1427 2936 Magnus

173 2960 331 3032 Romam
369 2958 533 3033 deseruit
568 2977 606 3033 et
647 2958 866 3054 Byzantium
904 2958 1020 3054 petiit,
1059 2956 1424 3053 Constantinopolim

173 3076 324 3150 Novam
357 3076 515 3149 Romam
536 3077 762 3161 conditurus,
780 3094 920 3149 certum
940 3094 998 3149 est
1017 3077 1064 3150 ab
1084 3076 1188 3149 initio
1215 3074 1340 3167 sacculi
1369 3100 1424 3149 se-

169 3193 275 3290 ptimi
290 3193 449 3267 Romam
469 3194 624 3292 ejusque
644 3191 877 3290 limitrophas
893 3194 1103 3291 provincias
1124 3193 1331 3266 incursibus
1344 3192 1424 3264 bar-

169 3311 342 3385 batorum
378 3310 542 3407 patuisse
578 3328 615 3385 et
652 3310 803 3408 ignavia
840 3310 1247 3408 Constantinopolitani
1280 3308 1424 3406 imperii

169 3428 374 3516 derelictas,
395 3456 438 3504 ac
457 3430 572 3505 veluti
601 3450 758 3506 vacante
786 3432 939 3506 domino
958 3431 1164 3527 temporali,
1186 3433 1282 3506 adeo
1300 3430 1424 3504 adhae·

168 3540 262 3623 sisse
276 3548 432 3623 summis
453 3549 706 3636 Pontificibus,
720 3575 877 3647 quorum
897 3576 1012 3647 opera
1025 3569 1063 3624 et
1078 3549 1205 3624 labore
1224 3547 1361 3646 pluries
1376 3548 1424 3621 ab

40 3744 43 3748 Α
168 3665 315 3742 incursu
345 3667 587 3740 barbarorum
616 3667 731 3742 salvae
760 3668 866 3742 sactae
884 3687 1001 3755 erant,
1023 3688 1061 3743 ut
1089 3669 1142 3743 eis
1169 3695 1211 3743 se
1230 3666 1423 3742 dedissent

167 3786 352 3884 regendas
366 3803 404 3858 et
421 3784 694 3885 gubernandas.
713 3785 809 3880 Quae
824 3787 980 3883 proinde
998 3787 1214 3874 dominatio
1232 3807 1271 3860 ut
1285 3786 1424 3859 decens

167 3922 257 3989 erat,
278 3902 422 3977 initium
441 3904 595 3977 omnino
615 3902 847 3999 impollutum
866 3931 909 3978 ac
923 3905 1067 4001 justum
1088 3906 1216 3980 habuit
1235 3904 1290 4005 (¹)
1311 3907 1329 3933 ‘'

220 4023 380 4096 Peccant
399 4020 555 4119 proinde
574 4021 609 4094 in
626 4019 839 4095 historicam
869 4025 1064 4099 veritatem
1083 4044 1254 4099 auctores
1278 4024 1337 4110 illi,
1358 4025 1422 4122 qui

166 4140 276 4242 hujus
295 4141 510 4240 temporalis
529 4140 682 4217 dominii
703 4141 821 4239 prima
852 4143 956 4219 initia
975 4162 1146 4242 repetunt
1165 4171 1187 4217 a
1205 4145 1423 4244 spontaneis

166 4260 431 4334 donationibus
452 4260 582 4357 Pepini
602 4277 639 4332 et
662 4258 787 4342 Caroli
810 4262 954 4360 Magni.
978 4263 1045 4336 Isti
1065 4281 1220 4349 tantum,
1242 4282 1283 4338 ut
1311 4262 1423 4337 refert

166 4377 328 4464 historia,
348 4378 555 4454 dominium
589 4381 627 4455 S.
652 4382 751 4457 Petri
783 4400 820 4456 et
847 4381 1018 4456 civitates
1037 4380 1078 4456 S.
1098 4380 1210 4456 Sedis
1228 4407 1250 4454 a
1271 4381 1422 4478 Longo-

166 4494 290 4570 bardis
320 4515 515 4592 usurpatas
545 4497 581 4570 vi
611 4525 797 4573 armorum
831 4499 1069 4596 repetierunt,
1099 4518 1136 4573 et
1171 4497 1341 4572 Pontifici
1382 4515 1422 4570 ut

211 4732 232 4772 1.
247 4680 432 4789 peringens,
447 4717 706 4792 Pretsuriscan,
719 4721 767 4776 rte.
783 4723 839 4790 111,
852 4720 894 4777 tn.
909 4722 944 4791 v,
957 4737 983 4775 n.
1002 4733 1040 4775 η.
