3496 5482
622 597 624 605 .
655 534 787 628 ¹claun
808 552 1029 605 secuunuu.
1205 513 1208 518 ’
1377 607 1380 612 .
1429 558 1476 631 33

219 717 344 793 Deum
363 717 453 815 plus
483 717 759 792 venerabilibus
785 704 960 791 fratribus
982 718 1118 792 nostris
1137 700 1336 817 praecepto,
1356 739 1394 796 et
1412 746 1475 818 pa·

215 837 344 912 scendi
362 827 534 936 agnoset
551 863 643 912 oves
658 835 791 922 offici0,
807 853 844 910 et
863 836 991 930 debito
1005 853 1081 910 tam
1100 863 1232 913 severe
1250 856 1288 912 et
1305 857 1475 915 amanter
1583 861 1585 864 ’

215 955 323 1031 nobis
338 955 601 1030 commendato
619 953 845 1029 satisfecisse
855 955 1119 1053 judicaremur,
1140 956 1171 1029 si
1185 955 1277 1031 inito
1291 974 1474 1054 perpetuo

216 1071 302 1148 belli
320 1072 462 1149 foedere
489 1091 544 1148 tot
573 1072 654 1174 illos
672 1098 790 1172 agnos
810 1090 957 1145 nostros
976 1072 1200 1160 carissimos,
1224 1090 1279 1148 tot
1297 1099 1389 1149 oves
1413 1101 1475 1148 no·

215 1211 310 1266 stras
327 1182 567 1268 'venerabiles
591 1210 629 1268 et
657 1191 916 1267 dilectissimas
949 1192 1156 1291 Nostrique
1185 1196 1470 1283 amantissimas,

214 1311 310 1385 adeo
324 1311 466 1409 ingenti
479 1311 616 1385 damno
628 1309 885 1408 afficeremus?
897 1310 993 1405 Quis
1007 1335 1080 1384 non
1098 1307 1280 1411 intelligat
1291 1331 1472 1411 quantum

215 1428 284 1502 ista
304 1449 483 1528 pugnent,
505 1455 573 1505 nec
604 1429 732 1504 videat
760 1456 829 1504 nos
848 1429 1061 1519 sublaturos
1081 1448 1199 1505 totam
1232 1430 1331 1505 illam
1359 1457 1471 1531 quam

112 1550 116 1556 ’
215 1546 311 1620 inter
336 1574 404 1622 nos
421 1547 570 1622 et'illos
589 1547 772 1622 habemus
802 1547 1160 1640 communicationis
1185 1548 1399 1626 facultatem
1431 1578 1474 1626 ac
1535 1542 1536 1545 ¹

214 1663 435 1754 libertatem,
455 1693 574 1765 eaque
607 1666 750 1742 ratione
768 1693 790 1740 a
808 1668 929 1765 capite
950 1668 1233 1750 innumerabilia
1252 1670 1430 1759 membra,
1451 1698 1473 1745 a

189 1830 193 1839 -
212 1809 330 1883 grege
356 1802 394 1860 et
412 1803 541 1860 centro
561 1784 713 1858 unitatis
739 1786 876 1885 gregis,
898 1803 954 1861 tot
972 1803 1143 1883 pastores
1161 1787 1414 1885 discerpturos
1433 1809 1471 1865 et

213 1902 494 2003 disgregaturos
515 1903 558 2003 (¹)
580 1904 595 1978 ?
614 1905 630 1932 '¹

262 2040 295 2101 8.
319 2021 424 2120 Ergo
443 2023 642 2122 nequid'em
679 2021 937 2122 hujuscemodi
957 2021 1098 2098 foedere
1116 2040 1298 2120 perpetuo
1325 2049 1470 2101 necnon

211 2138 383 2214 absoluto
403 2139 457 2214 fas
484 2160 541 2215 est
563 2140 732 2215 Pontifici
759 2165 934 2237 supremo
953 2165 995 2215 se
1012 2141 1059 2214 ad
1077 2138 1239 2239 aliquam
1268 2142 1469 2230 nationem,

213 2255 288 2330 imo
307 2256 558 2345 christianam,
585 2259 727 2358 jugiter
756 2258 1001 2356 obstringere,
1022 2283 1097 2355 quo
1116 2284 1175 2332 res
1206 2259 1314 2333 unius
1339 2259 1471 2335 fierent

214 2398 271 2446 res
289 2374 449 2451 alterius.
478 2374 592 2471 Quod
620 2378 718 2450 idem
742 2375 960 2449 immortalis
995 2375 1082 2449 Pius
1101 2376 1179 2450 Vll
1215 2376 1316 2453 hisce
1345 2378 1470 2470 verbis

213 2490 351 2567 docet:
1429 2514 1430 2517 ’

264 2619 285 2648 “
305 2609 572 2685 Confirmatam
587 2630 769 2708 perpetuo
794 2610 935 2687 foedere
964 2613 1194 2699 societatem,
1213 2612 1298 2710 quae
1319 2638 1387 2688 nos
1405 2631 1470 2689 aut

213 2727 249 2800 in
265 2727 373 2814 bello,
394 2730 513 2803 autin
544 2728 629 2803 belli
657 2748 756 2803 statu
788 2730 1024 2804 continenter
1041 2756 1125 2805 esse
1145 2729 1357 2826 compellat,
1378 2732 1470 2808 inire

213 2846 312 2922 nullo
331 2851 444 2924 modo
462 2875 660 2946 possumus
682 2877 689 2924 :
709 2876 756 2926 ne
784 2850 913 2926 hostes
924 2850 1076 2949 quidem
1100 2851 1183 2925 Nos
1196 2846 1282 2926 tros
1290 2853 1469 2951 judicare,

211 2983 274 3038 aut
292 2965 431 3041 habere
445 2991 577 3042 omnes
589 2967 681 3053 illos,
696 2967 759 3064 qui
774 2993 1009 3065 quacumque
1027 2969 1075 3043 de
1090 2994 1208 3042 causa
1220 2967 1330 3043 alieni
1343 2969 1471 3046 hostes
1503 3003 1506 3010 ·

210 3086 284 3159 sint
301 3113 309 3174 ;
325 3112 392 3161 nec
414 3088 449 3162 N
455 3087 536 3162 obis
553 3089 761 3187 generatim
781 3087 865 3162 licet
898 3087 1051 3162 hostiles
1071 3112 1184 3187 agere
1205 3106 1329 3184 partes
1345 3088 1381 3163 in
1395 3089 1470 3165 bel·

211 3203 264 3293 lis,
283 3231 368 3305 quae
382 3208 441 3283 hic
460 3225 523 3283 aut
542 3207 602 3283 ille
617 3208 789 3306 princeps
806 3226 923 3307 gerat,
943 3226 1166 3306 gesturusve
1183 3208 1241 3282 sit.
1263 3207 1280 3234 ''

264 3325 464 3401 Rationem
500 3327 611 3427 hujus
634 3326 771 3425 allegat
800 3327 899 3401 mitis
929 3327 989 3402 ille
1021 3327 1225 3402 Pontifex:
1258 3326 1468 3423 “Quarum

213 3472 335 3523 rerum
354 3450 385 3523 si
403 3475 515 3524 unam
543 3448 704 3547 aliquam
723 3448 995 3548 aggrediemur,
1021 3448 1195 3545 Nos-ipsi
1220 3448 1388 3544 profecto
1407 3450 1471 3522 im·

213 3567 430 3666 pedimento
448 3594 532 3644 esse
540 3567 794 3667 judicaremur
809 3586 886 3641 tum
902 3566 1243 3653 communicationi,
1264 3592 1349 3664 quae
1361 3567 1471 3642 inter·

212 3686 321 3761 cedat
340 3712 493 3762 necesse
522 3704 579 3761 est
615 3685 710 3759 inter
741 3701 852 3781 caput
880 3710 923 3758 ac
946 3684 1114 3759 membra
1133 3683 1469 3784 catholicigregis,

212 3823 290 3881 tum
310 3809 392 3883 usui
409 3808 587 3904 expedito
606 3823 644 3881 et
672 3806 789 3880 libero
808 3805 1008 3902 spiritualis
1028 3805 1223 3890 Primatus,
1244 3804 1349 3903 cujus
1365 3823 1470 3901 pote·

211 3943 347 4000 statem
362 3951 536 4001 exercere
555 3943 767 4000 vetaremur
786 3924 823 3997 in
843 3949 907 3997 eas
927 3924 1107 4007 nationes,
1128 3939 1258 3997 contra
1275 3947 1369 4020 quas
1387 3947 1469 4019 per·

212 4062 365 4141 petuum
385 4044 506 4118 foedus
525 4044 638 4118 ictum
657 4067 741 4116 cum
773 4040 898 4138 aliquo
919 4040 1060 4127 fuisset,
1081 4059 1196 4137 atque
1214 4059 1338 4114 actum
1357 4065 1470 4139 agen·

213 4161 352 4236 dumve
370 4161 530 4236 alienam
549 4160 599 4235 ob
618 4185 766 4233 causam
786 4157 937 4233 bellum.
958 4158 975 4186 ¹'

265 4280 430 4354 Demum
458 4278 659 4378 objectioni
679 4278 803 4352 forsan
822 4302 869 4350 ex
889 4276 1042 4350 historia
1062 4276 1305 4351 desumendae
1325 4276 1376 4350 ita
1394 4300 1470 4350 res·

211 4400 352 4496 pondet
375 4400 547 4474 laudatus
582 4399 755 4474 Pontifex
778 4425 803 4471 :·
825 4409 845 4447 ‘⁴
870 4397 984 4493 Quod
1005 4398 1035 4471 si
1068 4397 1255 4472 interdum
1291 4397 1470 4471 Summos

215 4518 423 4600 Pontifices,
460 4517 709 4616 peculiaribus
728 4517 953 4613 quibusdam
988 4516 1037 4591 de
1061 4515 1193 4600 causis,
1227 4539 1331 4611 quas·
1346 4516 1469 4614 justas

249 4723 270 4764 1.
283 4710 375 4765 Alloc
394 4711 425 4764 16
441 4711 525 4765 Mart.
538 4708 614 4764 1808.

262 4828 499 4882 hammam.
1409 4840 1421 4879 ³
