3496 5482
1042 513 1424 524 Ἥ

626 577 749 630 cxpur
774 576 974 640 qunrux.
1384 577 1431 652 77

172 715 297 818 auxilii
316 742 365 816 ab
393 741 625 839 'imperatore
651 734 819 811 Orientis
854 735 1064 822 destitutus,
1085 762 1170 812 sese
1205 740 1356 813 tandem
1384 740 1432 815 ad

26 943 30 949 ,
95 896 102 906 ·
174 860 350 936 Carolum
381 848 595 934 Martellum
616 855 727 930 vertit
748 854 1054 950 Francorumque
1076 880 1188 953 opem
1207 855 1431 954 imploravit.

176 977 364 1054 Pontificis
393 974 619 1052 interventio
645 972 828 1071 optimum
861 971 990 1046 habuit
1009 972 1162 1064 exitum.
1186 974 1296 1062 Nam,
1317 1000 1432 1074 quum

174 1099 332 1175 Carolus
343 1096 539 1173 Martellus
551 1122 597 1170 eo
610 1113 779 1192 tempore
793 1091 954 1168 amicitia
962 1092 1116 1190 junctus
1127 1112 1227 1169 esset
1236 1094 1432 1193 Luitpran·

173 1221 233 1305 do,
267 1216 405 1292 factum
424 1233 481 1290 est
499 1232 541 1289 ut
572 1213 631 1287 hic
650 1213 698 1286 ab
724 1209 933 1285 obsidenda
972 1212 1094 1285 Roma
1112 1212 1310 1289 desisteret
1336 1231 1375 1289 et
1393 1213 1431 1288 in

174 1362 242 1411 sna
261 1335 398 1410 rediret
415 1333 591 1408 dominia.
612 1331 687 1405 Ast
722 1355 796 1427 pax
816 1346 1080 1405 momentanea
1099 1329 1176 1403 fuit.
1198 1331 1313 1405 Anno
1331 1332 1431 1406 enim

177 1474 243 1549 741
268 1453 307 1529 S.
329 1451 557 1537 Zachariam,
576 1447 750 1547 Gregorii
769 1446 830 1520 lll
845 1473 1112 1534 successorem,
1128 1474 1212 1523 cum
1236 1448 1433 1546 Luitpran·

173 1573 224 1647 do
243 1571 325 1670 ipso
344 1588 501 1645 tractare
513 1567 700 1658 cernimus
713 1583 763 1665 ut,
774 1565 1111 1663 Longobardorum
1128 1592 1192 1642 rex
1208 1566 1332 1665 plures
1343 1568 1432 1643 civi·

76 1671 88 1681 *
174 1706 271 1764 tates
291 1712 436 1763 necnon
451 1687 554 1764 varia
573 1683 796 1784 patrimonia
818 1682 989 1758 Pontifici
1009 1685 1188 1771 restituat,
1210 1686 1433 1784 patrimonia

176 1807 348 1882 nimirum
376 1786 437 1880 illa
451 1830 545 1903 quae,
567 1822 738 1900 utsupra
760 1802 983 1889 notavimus,
1000 1804 1168 1889 ,maxima
1190 1824 1295 1901 parte
1327 1823 1434 1881 extra

142 1979 145 1986 -
174 1926 350 2000 ducatum
377 1925 588 1998 Romanum
614 1939 719 1996 erant
748 1921 830 2007 sita,
856 1937 893 1995 et
922 1946 1006 2019 quae
1031 1920 1212 2008 Pontifici,
1238 1947 1312 1997 non
1342 1949 1432 1998 vero

176 2042 387 2141 imperatori
416 2042 563 2126 Graec0,
596 2057 634 2113 ut
661 2039 851 2136 possessio
882 2064 949 2112 sua
977 2040 1231 2115 restituuntur.
1261 2041 1433 2136 Quatuor

176 2160 327 2259 insuper
340 2159 512 2234 civitates
532 2157 899 2233 reddunturducatui
916 2158 1099 2244 Romano,
1114 2168 1180 2233 sed
1202 2159 1432 2257 Reipublicae

178 2279 370 2364 Romanae,
391 2277 427 2351 in
447 2302 521 2375 qua
533 2277 614 2374 jam
629 2300 695 2373 per
723 2273 876 2374 longum
896 2294 1044 2372 tempus
1071 2277 1244 2353 Pontifex
1263 2278 1311 2352 de
1333 2278 1432 2354 lacto

175 2396 400 2494 praecipuam
416 2393 579 2469 habebat
597 2391 867 2477 auctoritatem,
889 2395 1062 2486 quamvis
1076 2394 1303 2492 aliquamdiu
1316 2398 1431 2496 magi·

175 2534 314 2592 stratus
327 2533 455 2591 essent
467 2514 667 2613 Byzantini
682 2513 741 2588 vel
761 2512 939 2610 deinceps
951 2513 999 2586 ab
1014 2513 1103 2611 ipsis
1118 2515 1299 2589 Romanis
1311 2516 1428 2605 electi,

158 2631 162 2635 ’
176 2653 215 2710 et
226 2635 439 2710 nominatus
454 2635 611 2710 ducatus
623 2632 860 2732 aliquamdiu,
873 2634 997 2731 potius
1011 2633 1369 2719 nominatimadhuc
1383 2638 1430 2712 ad

176 2753 406 2852 provinciam
426 2753 570 2852 imperii
606 2752 818 2849 pertineret.
849 2751 988 2826 Videre
1016 2771 1073 2827 est
1093 2779 1184 2852 ergo
1203 2781 1250 2830 ex
1279 2755 1433 2832 historia

176 2891 409 2970 quantopere
438 2871 478 2946 S.
500 2871 700 2945 Zacharias
728 2870 865 2968 aliique
891 2872 1092 2947 Pontifices
1122 2873 1374 2951 laboraverint
1393 2896 1433 2954 ut

180 2989 421 3087 Imperatoris
440 2989 645 3064 dominium
665 2988 896 3076 subsisteret,
917 3008 955 3064 et
973 3007 1154 3089 quantum
1172 2991 1283 3066 alieni
1298 2993 1434 3069 fuerint

176 3108 432 3183 adominandi
451 3107 656 3183 ambitione
692 3108 742 3182 ita
771 3126 811 3183 ut
841 3108 988 3183 nonnisi
1021 3110 1126 3206 quasi
1146 3109 1370 3187 reluctanter
1396 3132 1433 3190 et

163 3245 334 3327 ‚urgente
352 3225 530 3324 singulari
553 3226 804 3302 Providentiae
817 3226 973 3301 consilio
986 3253 1107 3301 rerum
1127 3229 1234 3326 potiti
1254 3232 1328 3306 sint
1349 3229 1401 3331 (¹).

227 3343 418 3442 Tempore
433 3338 629 3443 ssStephani
654 3345 703 3432 ll,
720 3345 759 3420 S.
775 3344 965 3419 Zachariae
996 3348 1231 3435 successoris,
1247 3375 1310 3424 rex
1334 3353 1433 3425 Lon·

174 3462 427 3561 gobardorum
441 3482 521 3539 erat
547 3463 781 3561 Aistulphus,
798 3466 860 3560 qui
881 3465 1065 3539 territoria
1084 3467 1216 3541 mediae
1233 3468 1349 3545 ltaliae
1368 3472 1434 3544 im·
1552 3476 1556 3489 '

176 3581 280 3676 perio
298 3581 420 3655 adhuc
435 3580 614 3680 subjecta,
642 3582 749 3654 annis
771 3602 837 3676 751
861 3600 899 3656 et
913 3603 982 3678 752
999 3584 1207 3681 occupavit,
1226 3604 1340 3685 atque
1367 3588 1433 3662 do·

177 3697 419 3773 minationem
433 3699 667 3796 imperatoris
687 3700 1093 3800 Constantinopolitani
1122 3703 1158 3775 in
1178 3703 1248 3778 illis
1266 3705 1435 3804 partibus

176 3815 326 3913 penitus
340 3817 511 3894 extinxit.

232 3935 326 4010 Inde
345 3937 393 4011 ab
411 3963 509 4012 anno
531 3957 599 4032 752
620 3936 774 4034 desacto
791 3937 927 4013 effulsit
946 3939 1162 4015 omnimoda
1181 3941 1434 4041 independen-

177 4052 229 4129 tia
250 4054 411 4130 Romani
434 4055 624 4130 Pontificis
643 4076 681 4130 et
701 4057 958 4131 Romanorum
979 4058 1027 4130 ab
1056 4058 1281 4158 imperatore
1301 4061 1435 4136 Orien·

178 4174 242 4264 tis;
255 4175 342 4250 inde
353 4175 465 4251 etiam
478 4175 526 4249 ab
538 4175 608 4250 hoc
620 4200 720 4250 anno
735 4176 967 4276 Principatus
979 4178 1097 4254 civilis
1109 4179 1148 4253 S.
1160 4179 1271 4255 Sedis
1282 4181 1436 4255 omnino

1122 4340 1433 4350 -.-—.-——-—-..-.

122 4414 125 4421 “
218 4431 239 4472 r.
260 4415 276 4445 ‘⁸
289 4417 312 4471 ll
324 4427 368 4474 est
381 4415 495 4472 curieux
509 4416 614 4472 devoir
627 4418 668 4473 les
682 4419 784 4490 Papes,
798 4418 965 4474 souverains
984 4418 1020 4474 de
1037 4419 1087 4474 fait
1101 4419 1202 4490 depuis
1220 4419 1246 4475 le
1266 4419 1365 4491 depart
1385 4423 1436 4477 des

175 4504 351 4567 'empereurs,
360 4497 497 4553 delendre
510 4497 536 4553 le
546 4497 619 4553 droit
633 4499 683 4553 des
694 4515 858 4570 empereurs
871 4516 919 4554 sur
938 4496 1041 4555 l'ltalie
1059 4510 1087 4554 et
1103 4517 1150 4555 sur
1161 4501 1263 4567 Rome,
1275 4510 1304 4556 et
1317 4501 1377 4556 leur
1389 4500 1436 4556 de·

180 4594 291 4633 meurer
303 4577 402 4634 fideles
415 4595 451 4632 au
465 4577 561 4632 milieu
577 4579 628 4632 des
645 4579 907 4634 bouleversements
919 4579 1095 4651 amenespar
1107 4580 1148 4635 les
1167 4580 1312 4637 invasions
1324 4581 1438 4653 Jusqu’a

180 4657 345 4728 cequ’enfin
357 4657 385 4713 le
405 4675 471 4713 vceu
492 4659 543 4714 des
562 4659 679 4730 peuples
704 4659 746 4713 les
768 4659 862 4729 oblige
884 4660 920 4714 de
943 4676 1060 4715 secouer
1077 4659 1301 4718 definitivement
1314 4680 1351 4718 un
1367 4662 1438 4732 joug

180 4737 290 4794 devenu
304 4749 364 4794 tout
377 4739 394 4793 a
405 4738 455 4794 fait
469 4739 644 4795 intolerable.
657 4739 671 4766 ’'
691 4738 825 4809 (Lasoret,
840 4740 938 4795 Revuc
949 4739 1114 4811 calholr’que,
1127 4750 1146 4796 t.
1160 4742 1271 4813 XXXI,
1286 4759 1349 4814 pag.
1366 4745 1437 4814 139.)
