3496 5482
1031 513 1432 523 ———-————.-.

623 569 745 620 CAPUT
772 570 979 621 SEPTIMUM.
1365 577 1437 645 149

176 675 368 683 ψ-

173 730 386 818 Germania,
416 749 530 827 atque
558 727 689 804 Gallia.
719 727 763 801 ln
793 727 861 802 hac
879 728 1009 803 ultima
1025 733 1179 831 regione
1198 759 1326 833 regem
1346 759 1437 808 conm

171 850 371 925 stituerunt
398 848 609 946 Philippum
622 836 1432 951 Aurelianensem,Franco-muratorem,qui

167 967 364 1068 jactitabat
382 993 465 1043 sese
487 966 657 1040 ultimum
676 991 761 1041 esse
780 964 935 1040 Voltarii
955 967 1189 1064 discipulum.
1213 971 1345 1044 Romae
1363 971 1433 1044 sub

173 1087 369 1161 mitissimo
391 1085 457 1160 Pio
476 1083 579 1158 VIII
602 1101 639 1159 et
659 1083 852 1158 moderato
881 1086 1081 1160 secretario
1110 1106 1229 1162 status
1244 1088 1432 1163 Cardinali

171 1204 319 1291 Albani,
339 1204 434 1279 adeo
454 1227 608 1276 numero
626 1219 821 1306 creverant
841 1219 878 1275 et
905 1202 1066 1277 audaces
1092 1204 1175 1279 facti
1202 1224 1308 1281 erant
1330 1207 1433 1280 Mas·

170 1349 293 1410 sones,
310 1342 349 1398 ut
365 1349 494 1398 revera
507 1323 542 1396 in
556 1347 713 1395 summae
728 1323 949 1396 temeritatis
962 1342 1119 1399 conatus
1139 1325 1430 1423 prolaberentur.

171 1445 247 1518 Vix
265 1445 363 1518 enim
387 1444 487 1541 Papa
507 1460 664 1527 mortuo,
692 1442 922 1538 proclamare
949 1444 1029 1536 ausi
1057 1462 1145 1519 sunt
1164 1445 1349 1519 excidium
1369 1446 1432 1519 ad·

172 1562 320 1636 venisse
346 1561 578 1657 Principatus
614 1558 839 1656 temporalis,
874 1559 986 1635 finem
1027 1562 1142 1659 ipsius
1178 1563 1429 1650 PontificatuS,

172 1679 359 1753 interitum
391 1677 587 1753 Ecclesiae!
619 1679 803 1752 Praeterea
826 1678 996 1752 Bononia
1015 1706 1127 1753 manu
1149 1680 1295 1755 militari
1326 1706 1432 1755 occu·

89 1877 92 1884 ,
171 1814 267 1894 pata,
288 1824 334 1872 eo
352 1797 503 1872 tandem
522 1795 700 1869 confluxit
732 1795 907 1869 universa
937 1797 1078 1871 nefaria
1107 1798 1177 1873 faex
1205 1817 1431 1874 secretarum

170 1918 400 2004 societatum,
421 1942 505 2014 quae
524 1934 611 1989 tunc
634 1916 905 2014 Legationibus
924 1918 1225 1993 dominabantur.

219 2035 252 2097 5-
275 2036 327 2109 Et
346 2035 498 2132 insuper
515 2033 575 2107 die
593 2033 739 2107 decima
768 2052 852 2130 post
885 2033 1106 2111 electionem
1137 2036 1312 2135 Gregorii
1332 2036 1427 2109 XVI

172 2153 401 2240 Carbonarii,
431 2153 501 2226 sub
530 2152 647 2250 signis
673 2151 793 2248 palam
816 2152 949 2227 Romae
977 2155 1211 2242 adstiterunt,
1237 2155 1380 2228 Urbem
1410 2179 1431 2227 a

90 2346 95 2353 ,
174 2269 355 2344 Pontifice
373 2268 632 2366 emancipandi
652 2293 780 2355 causa;
808 2288 865 2341 ast
892 2269 1029 2344 devicti
1059 2297 1080 2344 a
1108 2272 1206 2345 veris
1237 2270 1427 2356 Romanis,

170 2386 472 2462 Transteverinis
490 2403 527 2462 et
547 2385 799 2460 habitantibus
814 2386 936 2460 vicum
956 2389 1017 2461 dei
1032 2391 1156 2474 monti,
1177 2389 1304 2487 sugam
1323 2412 1430 2484 cepe·

168 2523 261 2579 runt.
296 2507 398 2581 Inter
425 2503 581 2580 rebelles
610 2503 876 2577 numerabatur
901 2506 1311 2603 Ludovicus-Napoleo
1332 2505 1429 2579 Buo·

168 2642 331 2720 naparte,
360 2623 423 2720 qui
455 2621 599 2696 iuturus
631 2622 838 2717 Imperator
867 2622 1009 2709 Galliae,
1040 2643 1127 2699 tunc
1153 2624 1357 2723 genuinum
1388 2647 1429 2696 se

169 2741 326 2838 praebuit
370 2739 651 2822 Carbonarium‚
695 2739 842 2837 ingrato
881 2741 1005 2814 animo
1050 2739 1426 2827 Civita·Castellanae,

169 2859 344 2957 Spoletae,
365 2877 403 2933 et
422 2859 590 2930 Anconae
608 2882 711 2929 arma
738 2857 856 2954 gessit
874 2876 1003 2932 contra
1039 2859 1258 2934 Pontificem
1291 2858 1428 2931 Roma-

169 3003 267 3062 num,
304 2976 580 3051 benefactorem
616 2993 654 3048 et
686 2973 911 3048 salvatorem
957 2975 1103 3051 familiae
1130 3003 1207 3051 suae
1251 2974 1307 3076 (¹),
1347 2975 1427 3074 jam

167 3114 253 3172 ante
286 3095 475 3180 Bononiae,
505 3094 601 3169 inter
630 3119 760 3167 manus
792 3095 973 3193 genitoris
1003 3096 1140 3172 Felicis
1162 3097 1300 3184 Orsini,
1328 3122 1428 3171 anno

172 3217 277 3308 1831,
296 3214 557 3313 jusjurandum
587 3211 806 3285 Carbonarii
838 3213 962 3287 emisit
988 3231 1100 3312 atque
1133 3241 1321 3313 nunquam
1354 3240 1428 3289 non

168 3332 420 3407 contendebat
456 3331 597 3404 ruinam
638 3331 869 3429 Principatus
906 3333 1122 3430 temporalis
1157 3333 1197 3409 S.
1232 3334 1354 3421 Sedis,
1391 3351 1429 3409 et
1504 3403 1506 3407 Α

171 3452 346 3550 Regnum
365 3447 666 3523 constitutionale
689 3447 816 3536 ltaliae,
838 3450 907 3523 sub
930 3451 1037 3549 Rege
1059 3453 1202 3528 Romae.

220 3568 330 3643 Adeo
349 3567 536 3641 numerosi
569 3585 675 3640 erant
706 3592 752 3640 eo
785 3585 954 3665 tempore
988 3570 1192 3645 Massones
1223 3570 1355 3645 armati
1392 3571 1428 3644 in

207 3774 228 3812 1.
250 3760 316 3812 Non
333 3758 385 3812 abs
404 3773 434 3811 re
453 3754 504 3810 erit
517 3753 626 3826 aliquid
640 3755 742 3809 referre
755 3771 790 3809 ex
802 3756 924 3824 epistola
937 3758 1061 3827 quadam
1075 3775 1092 3812 a
1106 3769 1208 3828 nepote
1223 3757 1400 3828 Napoleonis
1416 3759 1427 3811 1

169 3839 287 3894 Summo
302 3836 430 3892 Pontifici
444 3835 550 3891 missa:
564 3835 581 3862 ‘⁴
595 3836 640 3890 On
654 3837 708 3889 m’a
727 3835 768 3889 dit
787 3852 842 3905 que
856 3837 943 3891 Votre
957 3837 1084 3892 salntete
1104 3839 1179 3893 avait
1198 3839 1243 3893 ete
1264 3837 1374 3906 affligee
1393 3854 1429 3892 en

168 3928 326 3987 apprenant
346 3934 401 3986 que
420 3932 492 3970 nous
511 3931 636 3969 sommes
658 3930 694 3968 au
714 3913 810 3968 milieu
829 3916 865 3969 de
885 3932 955 3969 ceux
974 3916 1020 3987 qui
1035 3934 1066 3971 se
1080 3928 1144 3972 sont
1159 3918 1279 3973 renones
1292 3927 1391 3972 contre
1404 3918 1431 3972 le

171 3996 287 4068 pouvoir
300 3998 335 4052 de
349 3998 376 4051 la
385 4012 529 4050 couronne
543 3995 578 4048 de
592 3996 716 4049 Rome...
732 3995 765 4063 Je
778 3994 822 4048 dis
836 3995 864 4049 la
878 3995 972 4063 verite,
984 3997 1013 4066 je
1026 3997 1052 4050 le
1059 3997 1130 4067 jure,
1144 4009 1172 4053 et
1182 3998 1211 4067 je
1222 3997 1332 4067 supplie
1342 3998 1430 4052 Votre

170 4077 297 4133 SaIntete
316 4076 352 4131 de
371 4075 460 4129 croire
479 4091 534 4145 que
549 4073 580 4143 je
593 4073 646 4128 n’ai
660 4090 770 4128 aucune
782 4072 929 4128 ambition.
943 4075 977 4145 Je
991 4076 1054 4146 puis
1066 4077 1225 4145 egalemenr
1239 4076 1363 4131 affirmet
1375 4092 1431 4147 que

167 4158 213 4226 j'ai
227 4156 351 4210 entendu
365 4154 425 4210 dire
438 4171 489 4224 par
501 4163 565 4208 tous
578 4153 619 4207 les
629 4153 731 4224 jeunes
744 4170 823 4222 gens,
837 4155 929 4207 meme
944 4156 984 4208 les
999 4157 1091 4209 moins
1104 4156 1245 4220 moderes,
1255 4172 1311 4226 que
1323 4155 1346 4208 si
1362 4154 1431 4209 Gre-

169 4236 247 4305 goire
257 4251 380 4290 renonce
388 4252 424 4289 au
433 4233 551 4304 pouvoIr
559 4234 706 4302 temporel,
720 4232 758 4285 r'lr
770 4232 959 4298 l’ador·eront,·
971 4234 1051 4303 qu'ils
1062 4234 1247 4290 devIendront
1257 4234 1431 4290 eux-memes

169 4317 210 4372 les
225 4316 287 4385 plus
300 4315 409 4369 chauds
422 4314 548 4368 soutiens
568 4314 604 4367 de
623 4313 651 4367 la
665 4312 740 4366 vraie
756 4311 884 4380 religi0n‚
899 4314 1014 4382 purifie'e
1027 4332 1079 4385 par
1092 4332 1128 4368 un
1142 4314 1233 4383 grand
1247 4331 1328 4384 pape,
1342 4323 1369 4368 et
1383 4313 1430 4384 qui

169 4413 187 4451 a
200 4412 270 4466 pour
284 4395 352 4448 base
365 4395 391 4447 le
411 4393 480 4447 livre
498 4393 524 4446 le
538 4393 600 4462 plus
614 4392 717 4446 liblral
733 4391 781 4461 qui
801 4392 899 4460 existe,
914 4393 938 4446 le
952 4393 1029 4446 divin
1046 4380 1209 4462 Evangi1e”
1223 4396 1298 4461 (Van
1315 4395 1431 4460 Duerm,

169 4493 196 4546 p.
215 4475 283 4541 144.)
303 4503 330 4512 -
346 4475 382 4527 Et
396 4483 492 4527 tamen
505 4482 585 4542 pater
597 4471 657 4540 ejus
671 4470 717 4541 qui
732 4471 794 4525 haec
808 4472 929 4542 scrIpsit,
943 4472 1096 4542 scripserat
1117 4473 1177 4543 ipse
1199 4472 1343 4528 Cardinali
1358 4473 1431 4528 Con·

171 4554 240 4609 salvi
255 4570 330 4607 anno
347 4553 410 4606 1821
426 4571 432 4606 :
446 4551 463 4579 “
476 4550 629 4620 Conspirer
642 4561 740 4606 contre
753 4562 834 4606 notre
847 4562 966 4619 auguste
979 4563 1007 4607 et
1018 4552 1078 4606 seul
1091 4551 1267 4619 bienlaiteur,
1278 4551 1363 4608 serait
1376 4569 1431 4607 une

172 4633 288 4688 InfamIe
310 4649 378 4687 sans
399 4649 475 4685 nom.
495 4631 536 4684 La
556 4630 664 4686 samille
686 4631 737 4686 des
758 4632 941 4701 Buonaparte
961 4633 1059 4687 n'aura
1077 4632 1181 4702 Jamais
1203 4649 1237 4688 ce
1257 4632 1430 4702 reprochea

173 4713 333 4768 s¹adressen
346 4715 360 4740 ¹¹
374 4711 465 4780 (loiri,
480 4728 506 4780 p.
524 4709 593 4777 147.)
