3496 5482
259 459 274 468 ·
283 462 353 468 -—-·-.
361 459 760 470 ffl—-q-m-
769 461 1037 470 Ἥκω--

245 502 315 591 258
652 522 742 571 narn
771 521 830 572 srr
859 523 932 572 unx
964 524 1090 574 vona.

393 628 482 637 —n--
534 628 559 634 —-
842 626 973 633 --·—-

291 678 348 781 (3)
369 692 388 721 “
409 682 511 777 Quid
546 682 577 756 si
617 680 796 768 Ecclesia,
834 683 947 757 etiam
984 684 1164 759 destituta
1199 686 1269 761 hoc
1305 689 1509 786 temporali

244 799 433 890 Dominio,
454 818 583 899 posset
596 800 705 899 juxta
736 801 847 875 alium
879 803 1040 890 modum,
1070 830 1091 878 a
1113 805 1240 880 divina
1262 807 1510 885 Providentia

240 922 494 1011 constitutum,
513 922 603 998 satis
621 921 748 1009 libere,
770 924 844 997 imo
862 924 1015 999 ulilzori
1029 927 1173 1000 ratione
1190 952 1323 1004 vacare
1341 928 1508 1004 sanctifi·

241 1039 377 1116 cationi
397 1059 434 1117 et
453 1039 562 1116 saluti
581 1041 815 1117 animarum?
834 1042 852 1069 ”

292 1166 348 1267 (ι)
365 1168 428 1242 Ad
440 1167 610 1264 primum,
625 1167 823 1243 dicendum
836 1194 919 1243 eam
933 1168 1266 1270 interrogationem
1279 1196 1364 1248 esse
1374 1171 1507 1250 incon·

241 1284 464 1363 eludentem.
488 1285 640 1361 Etenim
668 1311 742 1361 non
765 1287 1035 1386 investigamus
1054 1289 1144 1386 quid
1158 1292 1274 1386 possit
1293 1290 1400 1366 Deus
1419 1316 1507 1389 per-

244 1404 401 1491 mittere,
421 1405 488 1480 sed
508 1430 679 1503 quaenam
699 1406 773 1480 sint
795 1403 974 1481 Ecclesiae
981 1407 1082 1505 jura
1098 1419 1208 1483 certa.

296 1531 468 1607 Permisit
486 1531 636 1629 quidem
660 1532 765 1606 Deus
784 1549 823 1607 ut
845 1531 1014 1610 Ecclesia
1041 1560 1062 1608 a
1091 1535 1147 1608 sui
1167 1535 1323 1610 exordio
1342 1560 1408 1634 per
1426 1551 1504 1613 tre·

242 1669 372 1729 centos
390 1675 509 1725 annos
539 1675 613 1725 non
641 1648 759 1725 solum
789 1676 864 1725 non
884 1670 1215 1751 recognosceretur
1232 1679 1253 1728 a
1273 1654 1501 1744 Caesaribus,

243 1773 308 1849 sed
328 1772 560 1870 experiretur
586 1795 714 1846 eorum
739 1770 915 1870 gladium,
946 1772 1045 1846 unde
1076 1774 1260 1872 sanguine
1297 1791 1505 1872 martyrum

243 1909 444 1992 purpurata
469 1888 728 1987 resplendet...
752 1890 829 1965 Sed
858 1889 1037 1987 quidhoc
1065 1889 1164 1965 aliud
1194 1892 1260 1967 suit
1291 1892 1360 1966 nisi
1388 1892 1506 1993 longa

244 2010 448 2112 injustitia?
471 2009 566 2084 Haec
584 2027 708 2085 autem
728 2009 925 2107 permissio
943 2009 1070 2084 divina
1099 2036 1172 2087 non
1202 2012 1335 2088 minuit
1369 2013 1503 2089 Eccle-

243 2134 308 2208 siae
322 2131 417 2229 jura.

297 2255 465 2334 Ecclesia
484 2256 617 2333 retinet
635 2281 743 2330 suum
774 2256 832 2354 jus
861 2253 1085 2330 reclamandi
1111 2256 1365 2354 plenissimam
1391 2282 1501 2333 suam

243 2380 464 2455 libertatem.

294 2505 412 2604 Atqui
431 2529 478 2579 ex
496 2500 747 2576 declaratione
780 2501 1035 2575 Romanorum
1068 2502 1289 2577 Pontificum
1317 2521 1355 2579 et
1384 2504 1504 2580 totius

245 2626 359 2703 Orbis
381 2624 664 2720 Episcoporum,
685 2637 831 2693 constat
862 2618 1069 2695 Ecclesiam
1096 2646 1170 2695 non
1189 2647 1301 2719 posse
1320 2624 1504 2721 consequi

245 2751 340 2824 hanc
354 2743 501 2844 plenam
516 2738 725 2814 libertatem
740 2736 962 2834 inpraesenti
978 2763 1098 2812 rerum
1114 2756 1223 2826 statu,
1243 2740 1311 2814 nisi
1324 2740 1364 2815 S.
1379 2740 1505 2815 Sedes

246 2871 382 2946 habeat
417 2859 621 2961 temporale
657 2884 764 2932 suum
792 2858 1012 2932 Dominium
1046 2859 1247 2956 proprium.
1289 2859 1395 2959 Ergo
1431 2859 1505 2935 hoc

250 2987 478 3066 Dominium,
498 3007 545 3055 ex
565 2978 728 3053 maxima
756 2976 937 3074 injustitia
961 2995 999 3052 et
1023 2976 1214 3074 impietate
1240 2977 1437 3064 sublatum,
1467 2979 1504 3053 ei

246 3108 370 3194 debet,
384 3102 530 3205 justitia
547 3120 584 3175 et
603 3100 742 3197 pietate
753 3097 940 3196 exigente,
955 3096 1109 3184 restitui,
1123 3115 1160 3171 et
1175 3097 1325 3196 quidem
1341 3114 1505 3195 quanto·

247 3254 337 3302 crus.

299 3352 454 3452 Optime
472 3346 598 3422 scribit
625 3346 686 3418 De
716 3341 901 3442 Angelis:
922 3352 943 3382 “
966 3343 1049 3418 Nos
1085 3367 1183 3417 nunc
1220 3367 1293 3417 non
1319 3342 1508 3441 loquimur

248 3476 296 3549 de
315 3472 427 3546 modo
446 3464 597 3542 tenendi
619 3460 798 3536 Ecclesiae
812 3462 970 3536 durante
990 3462 1059 3535 ista
1078 3460 1301 3558 spoliatione
1320 3461 1424 3535 brevi
1444 3461 1506 3535 vel

249 3596 432 3677 diuturna,
460 3587 663 3663 secundum
682 3583 850 3656 divinum
882 3580 1157 3680 beneplacitum
1167 3610 1174 3670 ;
1207 3580 1377 3655 Ecclesia
1403 3580 1507 3656 enim

250 3715 330 3811 ipsa
348 3703 610 3786 determinabit
628 3702 717 3800 quid
744 3726 857 3800 agere
883 3700 1031 3787 debeat,
1058 3717 1096 3773 et
1115 3699 1304 3797 quomodo
1333 3700 1414 3797 ejus
1442 3697 1507 3773 filii

251 3849 447 3909 teneantur
465 3823 683 3925 procedere;
702 3839 739 3895 et
759 3820 909 3919 quando
929 3819 1018 3893 nihil
1042 3817 1211 3893 Ecclesia
1230 3817 1506 3907 determinavit,

252 3949 506 4048 unusquisque
534 3940 738 4017 abundabit
769 3941 806 4014 in
839 3966 952 4015 sensu
984 3964 1063 4027 suo,
1096 3939 1332 4036 praecedente
1368 3936 1509 4014 lumine

252 4071 405 4146 rationis
423 4068 471 4142 ab
489 4061 719 4162 experientia
737 4059 915 4136 edoctae.”

303 4195 359 4297 (a)
378 4193 510 4268 Altera
539 4188 677 4287 pariter
713 4187 893 4261 restrictio
930 4209 1004 4258 non
1042 4201 1166 4281 potest
1202 4200 1323 4271 stare;
1359 4182 1511 4257 videtur
1548 4219 1551 4222 ·

253 4317 351 4391 enim
382 4312 516 4412 partim
547 4307 698 4384 eludere
727 4304 966 4403 principalem
989 4303 1245 4403 quaestionem,
1275 4301 1410 4402 partim
1442 4326 1510 4398 pu·

251 4459 369 4536 gnare
399 4424 764 4529 aequivocationibus.
803 4424 929 4497 Nemo
961 4420 1226 4497 catholicorum
1253 4447 1354 4497 sanae
1373 4419 1511 4493 mentis

254 4551 560 4626 restaurationem
580 4543 780 4620 meditatur
801 4541 969 4616 Dominii
984 4540 1197 4637 temporalis
1208 4540 1343 4616 eodem
1357 4562 1512 4636 prorsus

255 4669 368 4744 modo
386 4695 428 4741 ac
447 4685 526 4741 erat
544 4683 632 4737 ante
663 4687 711 4738 20
739 4660 974 4758 Septembris
999 4662 1102 4749 1870.
1130 4660 1375 4734 Admittimus
1407 4655 1513 4728 inno-
