3496 5482
310 510 384 582 330
718 508 811 558 rnen
837 508 897 559 sm
924 509 1001 559 nex
1029 507 1157 560 noua.

311 670 532 746 Pontificem
551 693 631 743 sors
651 686 777 745 manet
794 694 878 742 cum
897 668 1061 767 supremi
1080 667 1178 743 illius
1192 668 1439 766 Apostolatus
1459 668 1568 743 liber-

309 806 366 862 tas
387 805 425 862 et
439 785 732 885 independentia
751 787 787 859 in
806 786 1007 862 discrimen
1025 786 1129 861 veuit
1144 783 1199 885 (¹).
1218 786 1236 813 ”

362 905 505 980 Dicunt
522 905 629 980 initio
662 904 904 980 Pontificatus
926 905 1065 980 Leonis
1084 904 1190 978 XIII
1213 904 1461 1002 quaestionem
1492 929 1570 978 mo·

308 1041 385 1101 tam
405 1024 520 1099 luisse
538 1024 587 1098 de
608 1022 715 1097 Urbe
745 1022 1015 1121 relinquenda;
1044 1023 1217 1096 maximae
1242 1042 1369 1098 autem
1401 1023 1567 1098 rationes
1611 1113 1614 1116 .

309 1143 393 1218 huic
412 1141 606 1240 proposito
624 1141 876 1216 obsteterunt.

357 1260 417 1359 B)
432 1261 484 1335 Et
503 1258 655 1358 insuper
674 1260 813 1333 nitatur
830 1284 918 1356 spes
938 1277 1065 1335 nostra
1091 1260 1128 1334 in
1146 1284 1268 1333 causae
1287 1258 1404 1356 ipsius
1422 1283 1570 1332 summa

303 1381 319 1479 j
325 1379 451 1454 ustitia
464 1407 472 1465 ;
491 1404 575 1476 quae
590 1378 742 1453 tandem
757 1375 961 1474 aliquando
976 1403 1126 1475 semper
1139 1395 1330 1474 superstes
1342 1378 1414 1452 erit
1428 1377 1569 1474 passio·

309 1497 417 1571 nibus
437 1495 567 1593 plebis,
583 1496 900 1594 quemadmodum
916 1496 1074 1571 turbatis
1094 1495 1201 1569 undis
1222 1496 1373 1570 tandem
1391 1519 1568 1591 superna·

308 1634 393 1693 tans
411 1615 574 1690 cernitur
587 1615 720 1690 oleum.
732 1616 855 1689 Roma
867 1632 995 1690 nostra
1012 1615 1060 1691 sit
1076 1616 1163 1690 urbs
1178 1615 1404 1690 fortitudinis
1420 1632 1568 1704 nostrae,

309 1758 384 1808 non
403 1733 441 1807 vi
459 1758 646 1807 armorum
666 1734 732 1807 sed
752 1733 788 1806 vi
803 1733 971 1832 justitiae,
983 1733 1021 1808 vi
1037 1732 1214 1809 mirabilis
1229 1732 1571 1830 praedestinationis

309 1868 348 1926 et
365 1850 612 1949 providentiae
627 1850 711 1926 Dei.

362 1978 383 2007 “
406 1968 552 2043 Iustitia
583 1993 714 2042 secura
742 1984 801 2042 est
829 1968 877 2043 de
906 1967 1005 2042 finali
1035 1969 1224 2066 triumpho
1251 1967 1570 2066 quemadmodum

313 2086 435 2161 Roma
449 2087 496 2161 de
512 2084 731 2160 immutabili
745 2111 788 2160 ac
802 2086 931 2161 divina
941 2113 1009 2161 sua
1021 2087 1270 2170 destinatione
1285 2111 1415 2162 secura
1428 2082 1569 2186 est(²).''

311 2204 573 2281 Consolatoria
592 2206 708 2280 verba
727 2222 765 2280 et
783 2207 863 2303 spei
883 2204 993 2302 plena
1011 2231 1095 2303 quae
1117 2204 1263 2279 locutus
1289 2223 1347 2280 est
1374 2201 1569 2278 dilectissi-

311 2342 393 2398 mus
416 2326 586 2399 Paterae
605 2323 749 2398 Videns
769 2341 897 2398 noster
916 2322 1125 2410 infallibilis,
1146 2348 1230 2397 curn
1254 2322 1370 2397 Urbis
1388 2323 1470 2396 vias
1488 2347 1571 2419 per·

312 2443 455 2518 crebuit
483 2442 634 2518 ultimus
666 2468 780 2530 sonus
809 2443 1043 2541 publicorum
1073 2441 1288 2530 clamorum,
1313 2441 1448 2540 quibus
1475 2467 1571 2541 gens

315 2565 531 2639 Massonica
552 2588 599 2639 20
618 2564 852 2661 Septembris
877 2567 969 2658 1895
989 2589 1128 2637 annum
1149 2563 1374 2662 vigesimum
1398 2564 1570 2662 quintum

311 2710 333 2758 a
347 2681 528 2780 sacrilega
545 2683 678 2756 Romae
691 2681 936 2779 occupatione
948 2680 1170 2756 celebrabat.
1191 2691 1212 2720 “
1227 2681 1418 2755 Laudibus
1432 2682 1572 2779 quippe

311 2800 412 2898 quod
443 2825 543 2874 anno
580 2803 674 2893 1870
706 2800 765 2873 hic
790 2817 941 2897 gestum
970 2819 1037 2886 est,
1059 2797 1304 2883 extollentes„
1322 2799 1358 2873 id
1386 2799 1572 2901 inprimis

212 2903 213 2906 Ἴ
312 2935 526 3015 spectarunt
538 2917 686 3015 utquod
699 2937 786 2990 tunc
801 2916 899 2990 bello
911 2916 1208 3002 obtinuerunt,id
1219 2916 1353 2989 stabile
1366 2942 1408 2990 ac
1424 2915 1571 2990 firmum

312 3053 529 3121 statuerent,
572 3030 685 3132 atque
725 3035 854 3109 ltaliae
887 3034 1056 3132 Orbique
1087 3035 1263 3108 universo
1294 3034 1570 3121 denuntiarent,

316 3152 527 3225 Romanum
555 3152 784 3238 Pontificem,
805 3152 854 3225 ad
884 3153 986 3248 ipsos
1017 3153 1118 3248 quod
1150 3152 1293 3238 attinet,
1326 3150 1452 3226 servili
1476 3153 1572 3251 jugo

312 3269 519 3352 subeundo,
539 3271 619 3344 siae
636 3271 716 3342 ulla
733 3280 792 3366 spe
811 3269 996 3343 libertatis
1014 3270 1290 3366 recuperandae,
1314 3271 1385 3343 iam
1404 3271 1574 3369 acquies-

312 3412 397 3462 cere
415 3406 589 3485 oportere
608 3384 661 3486 (³)
681 3388 699 3415 ''

368 3506 541 3580 Proiecto
575 3514 593 3543 ‘¹
614 3506 752 3579 iustitia
771 3532 901 3588 secura
928 3522 985 3580 est
1014 3505 1062 3580 de
1088 3504 1188 3579 finali
1208 3506 1398 3602 triumpho
1412 3507 1441 3592 ”,
1460 3552 1510 3564 -
1537 3525 1575 3582 et

317 3625 418 3721 Papa
437 3625 569 3698 iterum
591 3625 715 3722 regale
735 3626 867 3700 solium
886 3625 1065 3699 ascendat
1086 3651 1239 3700 necesse
1257 3647 1315 3700 est
1335 3624 1390 3725 (⁴).

353 3848 374 3888 ι.
389 3832 479 3902 Epist.
496 3833 537 3886 Pii
553 3834 595 3886 IX
608 3835 644 3888 ad
660 3834 773 3888 CardIn.
787 3834 941 3901 AntoneIII,
960 3834 991 3888 16
1003 3835 1068 3903 Jun.
1086 3834 1161 3898 1872.

351 3927 375 3965 2.
392 3913 450 3965 Leo
461 3913 547 3978 XIII,
562 3914 614 3982 Ep.
624 3914 662 3967 ad
673 3913 756 3968 Card.
769 3913 928 3983 Rampolla,
942 3928 976 3979 24
991 3914 1067 3984 Sept.
1082 3914 1157 3981 1895.

352 4006 376 4060 3.
399 3991 470 4045 lbid.

350 4078 374 4128 4
393 4061 509 4132 Optime
523 4064 764 4117 Rostworowski:
785 4063 895 4117 “Dans
916 4062 999 4117 l‘acte
1013 4063 1078 4116 final
1093 4064 1130 4117 du
1144 4074 1367 4132 gouvernement
1385 4064 1497 4132 ltaIIen,
1517 4064 1577 4119 rien

316 4150 352 4188 ne
366 4134 415 4187 fait
428 4134 570 4188 entrevoir
580 4151 615 4188 un
631 4134 774 4204 principe:
789 4151 821 4189 ce
834 4137 904 4188 n’est
918 4136 1003 4204 qu’un
1018 4136 1089 4188 abus
1099 4137 1136 4190 de
1147 4137 1174 4188 la
1183 4135 1259 4188 Iorce
1271 4135 1436 4190 materielle.
1452 4137 1492 4189 Le
1502 4137 1579 4206 Pape

316 4222 352 4259 au
365 4204 507 4259 contraire
527 4205 653 4274 s'appuie
676 4224 724 4260 sur
746 4223 783 4259 un
804 4206 940 4274 principe,
954 4206 971 4258 a
984 4207 1097 4259 savon:
1121 4207 1187 4276 qu’il
1211 4208 1256 4274 n’y
1269 4224 1286 4260 a
1300 4206 1336 4260 de
1350 4207 1426 4261 vraIe
1442 4206 1578 4275 iudepen-

316 4277 408 4329 dance
421 4293 476 4344 que
498 4276 571 4331 dans
585 4279 612 4330 la
625 4277 831 4331 souverainete.
849 4277 1000 4331 L’attitude
1014 4277 1051 4330 du
1067 4279 1143 4347 Pape
1157 4279 1227 4331 n'est
1242 4295 1294 4347 pas
1315 4294 1370 4330 une
1391 4278 1580 4347 protestation

314 4358 413 4401 contre
427 4347 464 4400 tel
478 4363 514 4400 ou
529 4349 566 4402 tel
581 4348 679 4402 article
693 4348 729 4402 de
751 4349 778 4402 la
792 4349 828 4401 loi
844 4349 894 4402 des
909 4348 1082 4411 Garanties;
1106 4350 1172 4402 c'est
1194 4364 1249 4402 une
1271 4350 1461 4418 protestation
1481 4360 1579 4402 contre

316 4436 394 4480 toute
408 4425 471 4479 idee
484 4425 520 4479 de
534 4429 691 4496 templacer
701 4429 726 4480 la
741 4427 937 4480 souverainete
950 4427 1079 4481 effective
1093 4444 1143 4497 par
1156 4428 1287 4497 quoique
1301 4445 1333 4482 ce
1348 4427 1409 4482 soit.
1427 4429 1463 4482 Et
1477 4427 1578 4481 l‘lralie

317 4499 361 4551 n’a
375 4497 434 4550 rien
457 4514 528 4566 pour
537 4498 658 4567 justifier
671 4516 704 4551 sa
716 4498 859 4565 conduite,
873 4498 933 4551 rien
952 4499 970 4551 a
992 4516 1114 4568 opposer
1127 4499 1144 4551 a
1157 4509 1231 4553 cette
1252 4499 1364 4568 logique
1378 4499 1575 4553 inexorable...

317 4569 403 4622 Aussi
424 4579 542 4638 peut-on
556 4569 685 4638 qualibet
698 4570 724 4622 la
739 4570 807 4623 lutte
821 4569 942 4623 actuelle
954 4580 1034 4623 entre
1052 4571 1077 4623 le
1091 4569 1213 4624 Vatican
1232 4581 1260 4626 et
1274 4572 1299 4625 le
1314 4569 1444 4639 Quirinal
1458 4571 1494 4623 de
1507 4571 1579 4625 que

315 4641 426 4712 pourlc
435 4640 518 4694 droit.
532 4641 546 4668 '³
559 4642 607 4708 (de
620 4639 793 4709 T’Serclaes,
806 4641 881 4694 Leon
894 4640 983 4708 XIII,
996 4651 1015 4696 t.
1027 4641 1065 4708 11,
1078 4658 1105 4710 p.
1119 4648 1189 4709 174.)
