3496 5482
1372 462 1501 470 ,ψ-

631 466 950 474 *uu-⁶-
964 464 1115 471 ..---—.---
1125 466 1189 471 .-.
1208 464 1329 471 --ο-ἠ

252 514 320 598 146
655 530 747 578 mvn
774 529 833 578 s11
862 528 936 577 nux
966 528 1091 578 noum.

296 687 540 763 Clandestina
566 703 669 761 secta
700 685 950 760 maleficorum
978 686 1170 759 hominum
1195 687 1308 760 cessit
1326 686 1503 783 tempori·

244 806 313 880 bus
321 833 330 894 ;
347 831 390 880 ac
408 805 586 880 continuo
614 805 720 879 novis
749 804 859 879 rebus
888 805 1044 880 studens
1076 821 1114 878 et
1132 805 1320 880 desiderio
1340 803 1504 904 flagrans

243 924 439 1022 pristinum
459 924 628 998 ordinem
648 923 686 997 in
707 922 862 1021 Europa
879 922 1133 1008 subvertendi,
1151 948 1225 997 non
1245 924 1367 1020 potuit
1386 923 1503 999 latere

244 1042 317 1116 diu.
342 1041 433 1116 Ideo
462 1059 500 1116 et
527 1067 626 1116 nova
653 1059 798 1117 tentare
831 1041 1022 1116 molimina
1049 1059 1086 1116 et
1105 1040 1290 1116 violentas
1309 1041 1504 1116 adstruere

244 1162 538 1237 machinationes
567 1161 701 1259 quibus
738 1179 970 1237 everteretur
1001 1178 1039 1236 et
1069 1161 1219 1258 penitus
1249 1161 1505 1236 destrueretur

242 1304 388 1353 summa
406 1278 468 1353 illa
485 1279 685 1353 auctoritas
705 1279 878 1378 religiosa
893 1305 975 1377 qua,
990 1304 1058 1377 pro
1077 1296 1270 1354 momento
1291 1277 1503 1376 potentissi-

242 1426 324 1474 mus
357 1400 558 1497 imperator
592 1398 766 1496 Napoleo
794 1425 884 1472 usus
914 1398 982 1473 suit
1002 1418 1041 1472 ut
1060 1398 1193 1473 solium
1217 1398 1437 1474 ascenderet
1465 1416 1504 1473 ct

242 1544 315 1617 qua
341 1518 531 1615 Principes
552 1517 717 1614 Europae
738 1519 850 1591 modo
869 1517 1070 1590 utebantur
1086 1518 1132 1590 ad
1153 1517 1312 1614 priorem
1332 1517 1503 1592 ordinem

242 1656 279 1712 et
303 1636 540 1710 concordiam
561 1635 801 1721 restituenda,
823 1635 859 1708 in
884 1635 982 1709 votis
1009 1633 1076 1708 suit
1099 1634 1322 1708 nefariorum
1347 1635 1502 1709 istorum

241 1755 447 1852 spirituum.
487 1754 609 1827 Unica
640 1753 712 1827 huc
744 1753 897 1851 patebat
934 1755 1019 1827 via:
1052 1753 1248 1828 subversio
1270 1753 1502 1851 Principatus

242 1873 361 1948 civilis
384 1873 427 1947 R.
452 1873 644 1946 Pontificis
663 1870 677 1972 (
694 1871 718 1971 ).

296 1993 398 2066 Hinc
418 1991 530 2090 igitur
547 1991 577 2064 si
597 2016 680 2064 cum
700 1990 866 2064 externis
888 1990 1058 2065 hostibus
1074 2017 1147 2089 pax
1163 2008 1335 2066 constare
1349 1990 1502 2064 videba-

241 2128 301 2185 tur
323 2111 496 2206 Europae,
516 2126 554 2184 et
574 2106 708 2183 nobilis
728 2108 881 2182 Austria
899 2134 967 2206 per
985 2109 1188 2206 principem
1207 2110 1255 2184 de
1272 2107 1502 2184 Metternich

241 2228 410 2303 ordinem
431 2227 524 2301 tueri
543 2227 757 2312 conabatur,
780 2225 975 2324 peninsula
998 2225 1126 2300 Italica
1145 2228 1181 2300 in
1200 2227 1283 2300 sinu
1302 2251 1371 2300 suo
1399 2207 1501 2300 fovess

242 2346 306 2419 bat
336 2327 465 2420 hostes
502 2344 677 2431 internos,
713 2345 914 2418 Massones
949 2369 1015 2419 seu
1053 2344 1302 2419 Carbonarios
1342 2370 1501 2442 quorum

242 2463 404 2548 asseclae‚
444 2481 482 2537 ut
519 2488 600 2536 mos
636 2478 693 2536 est
724 2462 882 2550 zizaniis,
914 2462 951 2535 in
970 2463 1069 2537 diem
1087 2439 1305 2538 crescebant
1323 2482 1361 2538 et
1390 2464 1428 2536 vi
1463 2481 1503 2538 et

242 2584 397 2659 audacia
408 2600 446 2657 et
466 2608 631 2657 numero
916 2682 918 2684 ι

296 2701 492 2776 Mediante
516 2725 618 2773 anno
648 2702 744 2774 1820
771 2699 1001 2773 insurrectio·
1022 2699 1237 2794 Massonica
1255 2699 1399 2774 studuit
1419 2700 1501 2798 jam

242 2837 368 2918 partes
393 2818 527 2894 saltem
541 2818 709 2892 Dominii
723 2817 762 2892 S.
784 2816 904 2905 Sedis,
922 2815 1061 2891 scilicet
1077 2817 1335 2893 Beneventum
1352 2835 1390 2893 et
1405 2818 1501 2891 Pon·

244 2958 295 3013 to·
313 2938 441 3012 Corvo
467 2937 668 3011 adnectere
687 2960 805 3034 regno
823 2933 1076 3032 Neapolitano
1099 2964 1106 3023 ;
1126 2936 1192 3010 sed
1219 2935 1354 3010 frustra
1376 2964 1384 3024 ;
1415 2961 1500 3009 nam

243 3058 452 3134 Cardinalis
471 3056 659 3143 Consalvi‚
678 3057 735 3130 vir
749 3073 922 3130 strenuus
941 3076 1054 3154 atque
1069 3057 1269 3155 prudentia
1286 3085 1293 3145 ;
1309 3058 1499 3154 praeditus,

242 3178 379 3276 sategit
398 3193 438 3250 ut
457 3177 504 3250 ad
525 3174 679 3249 nihilum
700 3175 967 3262 reducerentur
986 3175 1098 3272 impia
1118 3174 1196 3250 haec
1216 3176 1431 3250 tentamina.

294 3295 402 3369 Tunc
437 3319 478 3389 13
509 3293 744 3390 Septembris
779 3296 868 3365 1821
891 3292 979 3366 Pius
998 3293 1075 3366 VII
1099 3294 1334 3367 denuntiavit
1361 3295 1502 3369 mundo

245 3416 430 3499 universo,
447 3439 514 3511 per
528 3412 766 3510 Encyclicam
782 3437 886 3484 suam
902 3411 1138 3485 “Ecclesiam
1151 3438 1175 3484 a
1186 3412 1281 3509 JEsu
1297 3413 1470 3488 Cuntsro
1484 3414 1501 3440 ”

246 3534 411 3607 “odium
431 3531 620 3630 singulare
643 3531 862 3603 Massonum
884 3530 919 3602 in
933 3529 1149 3603 cathedram
1170 3531 1439 3628 Apostolicam
1460 3551 1498 3607 et

242 3651 417 3749 pestifera
436 3674 594 3747 quaeque
613 3672 655 3721 ae
675 3647 894 3745 perniciosa,
914 3673 998 3745 quae
1018 3648 1054 3720 in
1074 3674 1156 3722 eam
1176 3648 1385 3724 moliuntur.
1408 3649 1425 3676 ”

298 3771 498 3842 Massones
512 3767 558 3838 ad
578 3765 733 3839 nihilum
754 3765 924 3862 redigere
939 3782 1039 3839 ratus
1055 3785 1113 3840 est
1133 3766 1245 3839 etiam
1266 3791 1425 3864 magnus
1441 3764 1502 3841 ille

243 3907 280 3964 et
307 3886 502 3984 perspicax
524 3885 702 3982 Princeps
734 3885 781 3957 de
804 3884 1043 3971 Metternich,
1078 3886 1141 3983 qui
1169 3905 1285 3959 totam
1309 3886 1501 3983 Europam

243 4024 373 4080 contra
385 4002 676 4076 infensissimum
691 4027 800 4075 suum
813 4003 960 4076 hostem
977 4004 1011 4076 N
1018 4003 1238 4100 apoleonem
1253 4007 1503 4096 adunaverat;

282 4222 303 4261 1.
322 4209 407 4261 Nota.
431 4206 448 4234 “
468 4205 577 4275 Depuis
599 4205 626 4259 la
648 4205 835 4260 restauration
855 4206 946 4275 legale
969 4207 1004 4262 de
1027 4207 1054 4262 la
1076 4209 1273 4265 souverainete
1295 4211 1431 4282 politique
1451 4213 1503 4269 des

243 4288 336 4356 Papes
346 4303 380 4341 en
392 4287 467 4355 1815,
477 4286 503 4340 le
512 4287 597 4354 regne
608 4284 659 4339 des
671 4303 852 4340 successeuts
863 4287 899 4341 de
915 4287 963 4340 Pie
974 4289 1041 4356 VII,
1052 4300 1080 4342 et
1091 4300 1200 4344 surtout
1211 4291 1236 4344 le
1247 4291 1333 4358 regne
1344 4291 1380 4345 de
1392 4293 1441 4346 Pie
1452 4293 1504 4362 tx,

241 4384 277 4422 ne
291 4368 330 4420 fut
350 4368 450 4437 qu’une
463 4366 567 4434 longue
580 4367 744 4420 succession
767 4366 803 4420 de
827 4366 945 4420 sourdes
960 4367 1096 4436 intrigues
1110 4379 1138 4424 et
1157 4369 1346 4439 d'agressions
1365 4369 1504 4427 violentes

240 4447 288 4516 qui
313 4446 422 4501 aboutit
442 4462 477 4499 au
503 4456 716 4501 renversement
738 4446 776 4500 du
798 4445 917 4516 pouvoir
938 4449 1085 4516 temporel.
1105 4450 1213 4505 Toutes
1236 4451 1277 4505 les
1302 4450 1505 4506 insurrections

240 4527 361 4594 d¹ltalie,
375 4526 460 4580 celles
469 4525 504 4579 de
517 4525 626 4594 Naples
637 4542 672 4578 en
686 4525 760 4593 1820,
778 4525 854 4594 1848,
867 4535 894 4580 et
909 4526 960 4580 des
976 4529 1185 4598 Romagnes,18
1188 4539 1230 4598 31,
1245 4530 1321 4598 1832,
1335 4530 1505 4599 1848,surent

240 4607 355 4660 l’oeuvre
363 4606 413 4659 des
422 4615 525 4672 sectes,
534 4615 711 4660 notamment
721 4606 772 4660 des
784 4605 949 4660 carbonam:
961 4607 976 4633 ''
984 4608 1019 4676 (J.
1028 4608 1101 4662 Du.
1109 4608 1178 4662 Ζ.-
1187 4609 1283 4664 Lettre
1293 4608 1329 4664 de
1341 4610 1418 4664 Leon
1428 4610 1503 4664 XIII

241 4703 277 4741 au
291 4686 367 4741 card.
383 4685 543 4755 Rampolla,
559 4701 585 4753 p.
600 4684 637 4751 8.)
