3496 5482
335 428 742 439 --...----—·———--——
760 431 910 438 ---·-.-—.
1299 435 1305 438 .
1330 433 1450 439 ...-.--.-
1480 432 1593 441 -ιη

338 472 412 565 380
746 490 838 541 mm
865 491 925 543 sn
952 491 1027 542 nux
1055 490 1181 543 noun.

336 651 502 752 genuino
522 651 601 749 jure
615 650 696 725 sive
714 675 885 749 personae
903 651 1071 750 propriae,
1084 651 1166 727 sive
1185 651 1342 740 familiae,
1358 652 1439 728 sive
1453 654 1598 752 patrias,

338 770 479 845 tuendo
500 797 508 857 ;
528 769 613 844 binc
632 769 669 844 in
686 769 909 846 vindicanda
925 795 1038 846 causa
1061 768 1251 846 Pontificis
1270 796 1338 870 pro
1354 771 1429 847 aris
1446 788 1486 848 et
1504 771 1600 849 focis

343 891 427 966 Deo
448 914 691 989 cooperemur
708 907 867 989 oportet.

393 1027 624 1102 Consistitne
644 1028 769 1125 itaque
786 1027 944 1125 quaestio
962 1027 1109 1102 socialis
1128 1027 1309 1103 hodierna
1336 1032 1600 1106 tantummodo

341 1145 375 1220 in
396 1145 628 1220 sublevanda
646 1145 860 1221 conditione
877 1145 1083 1244 opificum?
1104 1147 1273 1222 Minime.
1294 1192 1343 1203 -
1363 1149 1600 1226 Consistitne

341 1263 435 1339 sorte
455 1264 491 1337 in
511 1263 728 1338 inventione
746 1282 784 1339 et
801 1263 1049 1363 applicatione
1068 1265 1177 1339 unius
1195 1264 1397 1342 alteriusve
1413 1284 1599 1365 systema·

340 1383 388 1458 tis
405 1382 545 1458 ordinis
565 1406 665 1456 mere
683 1382 903 1457 oeconomici
921 1381 936 1456 ?
959 1383 1221 1481 Nequaquam.
1238 1430 1288 1440 -
1306 1385 1540 1463 Consistitne
1559 1388 1597 1463 in

340 1505 483 1581 ratione
502 1520 713 1578 mutuorum
734 1503 872 1603 jurium
901 1523 939 1580 et
962 1504 1168 1579 officiorum
1200 1505 1297 1580 inter
1316 1507 1529 1605 superiores
1559 1527 1600 1585 et

339 1624 542 1710 inferiores,
563 1621 622 1697 vel
642 1623 678 1696 in
697 1622 966 1721 ponderatione
985 1623 1167 1698 mercedis
1178 1623 1316 1699 laboris
1334 1642 1372 1701 et
1390 1627 1600 1724 repartitio·

341 1769 388 1818 ne
412 1743 596 1817 bonorum
627 1766 670 1816 ac
688 1741 970 1816 commodorum
1002 1741 1125 1817 vitae?
1151 1741 1267 1817 Nullo
1294 1768 1447 1842 prorsus
1471 1746 1596 1822 modo.

345 1863 575 1965 Hujusmodi
594 1863 694 1938 enim
713 1880 850 1961 puncta
869 1862 970 1938 varia
989 1879 1026 1937 et
1040 1862 1274 1961 particularia
1287 1882 1374 1941 sunt
1392 1867 1599 1966 specimina

340 1980 613 2057 dissociationis
635 1997 781 2066 nostrae‚
803 1999 839 2055 et
869 1981 973 2079 quasi
1003 1980 1142 2055 diversi
1160 2000 1335 2080 aspectus
1362 1984 1433 2059 sub
1461 1984 1598 2083 quibus

341 2102 545 2177 identidem
577 2102 738 2198 erumpit
770 2100 906 2175 malum
936 2099 1024 2175 illud
1056 2100 1218 2176 maxime
1255 2103 1474 2192 universale,
1494 2104 1597 2203 quod

338 2224 470 2298 intime
487 2221 617 2309 latens,
639 2240 787 2320 torquet
809 2223 1007 2297 societates
1027 2223 1224 2296 modernas
1244 2241 1282 2298 et
1300 2223 1399 2299 unde
1418 2241 1597 2322 tanquam

338 2370 385 2417 ex
401 2343 504 2418 sonte
518 2361 663 2418 scatent
675 2361 728 2418 tot
744 2361 924 2441 tantaque
946 2342 1200 2419 dissolutionis
1214 2344 1359 2419 socialis
1371 2345 1596 2422 discrimina.

339 2462 529 2535 Funditus
538 2463 635 2535 enim
648 2461 824 2535 ui'trirtum
837 2472 890 2535 est
903 2463 1067 2559 regimen
1077 2463 1259 2537 societatis
1269 2465 1599 2562 nostroeperprin·

338 2580 435 2678 cipia
451 2579 705 2666 subversionis,
732 2606 825 2677 quae
844 2582 918 2679 ipsi
942 2580 1143 2654 instillavit
1159 2590 1254 2654 secta
1273 2581 1435 2674 nefaria,
1455 2592 1491 2656 et
1513 2609 1598 2681 quo·

339 2726 427 2774 rnm
445 2700 662 2774 consecratio
669 2701 822 2798 publica
840 2727 950 2798 caque
969 2700 1178 2774 authentica
1187 2702 1359 2797 persistit
1370 2702 1540 2778 continno
1558 2703 1601 2777 in

339 2820 556 2917 spoliatione
573 2820 819 2918 principatus
829 2819 952 2894 ciuilis
968 2819 1008 2892 A
1004 2819 1188 2917 postolicae
1202 2819 1319 2894 Sedis.

392 2954 515 3051 Quam
536 2953 797 3052 spoliationem
809 2953 959 3052 quidem
975 2953 1289 3028 luctuosissimum
1304 2954 1479 3030 habuisse
1494 2956 1599 3031 influ-

342 3101 440 3161 xum,
463 3075 650 3149 neminem
664 3076 744 3173 jam
763 3073 877 3149 latere
891 3093 1024 3172 potest,
1048 3093 1125 3148 tum
1146 3075 1290 3150 ratione
1300 3075 1476 3164 scandali,
1497 3078 1599 3175 quod

341 3193 519 3267 continuo
549 3192 725 3291 gentibus
744 3192 914 3290 ingerere
937 3210 1023 3265 nata
1052 3210 1118 3278 est,
1143 3211 1220 3266 tum
1249 3192 1392 3267 ratione
1410 3193 1601 3268 servitutis

343 3310 560 3396 durissimae‚
577 3335 650 3408 qua
671 3308 880 3384 Ecclesiam
895 3309 1051 3407 impedit
1065 3311 1265 3408 quominus
1283 3311 1405 3386 active
1424 3330 1461 3386 et
1480 3310 1604 3386 effica-

343 3429 436 3504 citer
464 3445 504 3503 ut
531 3447 642 3503 antea
672 3428 847 3526 iungatur
866 3453 1020 3502 munere
1046 3454 1115 3503 suo
1145 3428 1181 3502 in
1210 3429 1351 3502 bonum
1370 3429 1546 3517 fidelium,
1566 3448 1603 3505 et

344 3547 480 3621 civium
511 3546 688 3632 omnium,
722 3563 800 3620 tum
830 3547 974 3620 ratione
1003 3547 1115 3621 etiam
1146 3546 1397 3643 impendentis
1428 3547 1604 3623 vindictae

347 3665 432 3751 Dei,
453 3664 516 3762 qui
536 3664 664 3762 nequit
678 3664 879 3760 impunitas
895 3662 1103 3761 relinquere
1122 3664 1336 3762 iniquitates
1356 3665 1577 3762 populorum
1596 3695 1604 3753 ;

344 3786 409 3860 sed
430 3786 465 3859 in
485 3810 532 3859 eo
546 3783 781 3881 potissimum
799 3783 966 3858 societati
986 3785 1144 3859 exitiosa
1156 3784 1292 3871 existit,
1306 3786 1407 3882 quod
1425 3785 1602 3882 quamdiu

345 3903 521 4002 perdurat
552 3901 660 3975 simul
690 3900 847 4000 populos
875 3927 896 3974 a
921 3902 1080 3976 decretis
1111 3901 1363 3977 Providentiae
1390 3901 1537 3990 divinae,
1567 3902 1603 3977 in

346 4021 669 4095 conservationem
688 4020 908 4094 societatum
924 4020 1066 4116 positis,
1083 4019 1261 4094 continuo
1275 4020 1448 4094 aberrare
1463 4020 1549 4096 sacit
1567 4037 1605 4095 et

347 4138 540 4236 speciatim
575 4137 795 4212 christianas
830 4155 943 4234 atque
978 4137 1179 4212 catholicas
1220 4138 1390 4212 nationes
1417 4138 1605 4237 principiis

348 4275 459 4331 certae
490 4256 605 4330 ruinae
637 4281 678 4329 ac
709 4255 964 4330 subversionis
996 4255 1280 4330 ineluctabiliter
1310 4255 1452 4331 imbuit.

399 4402 434 4464 2.
457 4391 500 4464 ln
523 4389 692 4464 Ecclesia
726 4391 898 4464 Romana
922 4406 960 4464 et
992 4389 1172 4465 Pontifice
1200 4415 1289 4488 rege
1308 4416 1374 4486 per
1392 4389 1604 4488 quindecim

350 4508 426 4584 iere
438 4507 572 4583 saecula
586 4525 718 4583 cuncta
738 4508 825 4582 nixa
838 4526 925 4582 sunt
939 4508 1037 4582 bona
1051 4508 1099 4582 ad
1113 4508 1398 4606 prosperitatem
1413 4527 1452 4584 et
1466 4506 1604 4610 incolu-

350 4626 516 4704 mitatem
546 4627 734 4704 societatis
766 4645 903 4701 nostrae
925 4642 1131 4725 cunctaque
1147 4625 1233 4724 jura
1258 4626 1470 4715 constituta,
1490 4642 1603 4723 atque
