3496 5482
246 618 312 666 102
653 618 747 666 ΡΑΡΑ
775 619 834 667 SIT
863 619 935 667 REX
967 616 1094 667 itoMAE.

240 784 381 856 populo
406 796 486 842 esse
498 799 508 861 ;
522 783 565 860 3⁰)
595 783 900 859 iontemjurium
921 780 1210 857 officiorumque
1232 795 1312 842 esse
1338 781 1377 840 in
1397 779 1502 840 mul-

240 881 427 958 titudine;
452 879 497 957 4⁰)
526 882 677 942 atheam
717 895 797 941 esse
833 881 1108 954 rempublicam
1144 884 1332 953 oportere.
1366 911 1407 922 -
1439 876 1500 940 20.

241 979 519 1051 compendium
564 980 768 1043 dictorum.
813 1013 854 1024 -
891 979 948 1039 21.
985 978 1141 1040 Pessimi
1177 977 1326 1037 tructus
1360 990 1410 1036 ex
1444 976 1503 1035 his

243 1077 438 1138 errorIbus
459 1078 592 1154 secun,
626 1079 854 1140 nominatim
875 1079 1098 1138 communimus
1117 1083 1154 1138 et
1175 1078 1416 1137 sociabimur-
1440 1075 1501 1139 22.

243 1175 425 1248 Quaedam
438 1175 487 1235 de
508 1176 636 1235 indole
653 1178 770 1249 hujus
787 1179 1004 1236 Massonum
1026 1176 1178 1238 sobolis.
1199 1210 1239 1220 -
1263 1176 1323 1238 23.
1348 1177 1503 1237 summe

242 1277 515 1336 sententiarum
529 1280 651 1350 capua
664 1291 751 1336 cum
767 1279 1009 1338 Massonibus
1023 1278 1138 1338 habet
1148 1278 1377 1336 communia.
1389 1309 1429 1319 —
1438 1274 1500 1336 24.

243 1376 293 1436 Ut
308 1381 467 1436 eventus
488 1378 633 1452 probat,
656 1378 867 1450 praesertim
881 1378 918 1435 in
932 1378 1051 1436 Italia.
1074 1411 1115 1421 -
1145 1374 1204 1438 25.
1230 1376 1350 1436 Sectae
1366 1374 1501 1446 agendi

242 1474 339 1532 ratio
349 1475 466 1534 relate
481 1475 528 1533 ad
540 1475 742 1548 principes.
754 1509 794 1518 -
808 1475 866 1537 26.
883 1475 1094 1537 Conclusio.

297 1717 325 1776 1.
350 1709 371 1740 ⁴⁴
407 1699 522 1788 Deus,
552 1718 737 1775 venerunt
765 1718 900 1799 gentes
934 1699 971 1773 in
1002 1700 1260 1776 haereditatem
1287 1719 1402 1788 tuam,
1423 1699 1503 1800 pol·

243 1819 392 1895 luerunt
423 1816 603 1915 templum
635 1836 805 1892 sanctum
835 1819 964 1892 tuum!
1009 1817 1235 1894 Effuderunt
1280 1818 1502 1919 sanguinem

245 1962 437 2014 servorum
452 1952 599 2011 tuorum
613 1953 805 2033 tamquam
817 1961 964 2034 aquarn.
981 1936 1087 2010 Facti
1111 1962 1242 2010 sumus
1260 1937 1502 2034 opprobrium

244 2056 375 2132 vicinis
407 2055 552 2138 nostris,
583 2053 827 2129 subsannatio
858 2072 896 2128 et
928 2053 1049 2129 illusio
1081 2053 1149 2141 his,
1184 2055 1250 2152 qui
1279 2055 1316 2130 in
1348 2055 1503 2131 circuitu

245 2193 374 2250 nostro
392 2189 488 2247 sunt.
513 2172 734 2269 Usquequ0,
759 2172 934 2257 Domine,
952 2172 1121 2246 irasceris
1140 2173 1177 2247 in
1200 2172 1313 2248 finem
1330 2171 1374 2273 (¹)
1389 2173 1404 2248 ?
1422 2173 1438 2202 ”

297 2295 394 2368 Tam
424 2291 684 2377 necessarium,
716 2309 791 2365 tam
810 2291 1029 2390 legitimum,
1056 2311 1132 2367 tam
1157 2312 1328 2369 sanctum
1342 2292 1502 2392 Sponsae

243 2413 382 2490 Christi
401 2412 619 2488 Dominium
636 2413 809 2487 videmus
822 2413 967 2511 injuste,
977 2411 1135 2488 subdole
1149 2432 1188 2489 et
1202 2412 1386 2513 sacrilege
1400 2437 1504 2487 usur·

242 2550 380 2630 patum,
410 2551 448 2606 et
475 2530 684 2630 legitimum
708 2533 789 2630 ejus
810 2531 1176 2619 Administratorem,
1204 2532 1395 2606 Vicarium
1417 2531 1502 2605 Filii

246 2651 330 2736 Dei,
345 2651 380 2724 in
400 2649 521 2724 aliena
540 2666 727 2745 potestate
741 2650 983 2723 constitutum
1003 2667 1041 2724 et
1059 2650 1165 2746 quasi
1184 2650 1386 2746 captivum.

294 2769 330 2842 A
349 2768 493 2865 quibus,
512 2793 625 2865 quern
646 2768 681 2840 in
702 2793 868 2864 scopum,
900 2786 938 2843 et
965 2794 1040 2866 quo
1068 2768 1219 2844 tandem
1241 2768 1353 2843 modo
1381 2786 1503 2865 patra·

243 2909 320 2965 tum
341 2890 449 2965 luerit
478 2890 707 2965 horrendum
740 2888 838 2963 istud
871 2890 1092 2990 sacrilegum
1125 2909 1162 2965 et
1182 2889 1398 2966 antisociale
1417 2890 1502 2965 laci-

244 3034 323 3094 nus,
343 3027 492 3106 oportet
513 3008 685 3083 moerenti
705 3026 742 3081 et
763 3008 1048 3107 indignabundo
1067 3008 1194 3083 animo
1213 3008 1461 3084 considerare.

297 3126 542 3225 instigatores
567 3144 604 3200 et
622 3144 767 3200 actores
793 3127 968 3223 praecipui
1000 3127 1111 3225 hujus
1131 3126 1296 3201 criminis
1328 3146 1501 3203 nontam

243 3244 390 3318 luerunt
414 3244 495 3319 Itali
514 3271 625 3342 quarn
661 3246 871 3320 Massones.
905 3246 1068 3332 Etenim,
1103 3265 1142 3321 ut
1173 3247 1301 3321 scribit
1320 3249 1399 3345 ipse
1420 3249 1501 3322 Leo

244 3365 348 3439 XIII
370 3393 377 3438 :
399 3365 598 3440 “Civilem
622 3367 878 3441 Romanorum
901 3367 1124 3441 Pontificum
1140 3367 1408 3454 auctoritatem,
1426 3392 1500 3442 non

243 3482 465 3580 populorum
484 3482 669 3568 voluntas,
686 3483 753 3557 sed
773 3484 898 3558 verius
911 3508 1027 3581 prava
1046 3502 1232 3558 sectarum
1250 3485 1405 3558 audacia
1424 3485 1502 3558 vio·

244 3599 345 3676 lavit.
365 3600 382 3629 ”
406 3601 493 3676 Hoc
512 3600 671 3675 affirmat
688 3603 767 3677 Leo
787 3602 892 3676 XIII
908 3599 966 3702 (²);
992 3602 1192 3677 affirmavit
1210 3621 1248 3676 et
1270 3602 1356 3676 Pius
1379 3601 1437 3676 IX
1454 3602 1502 3677 de

248 3720 490 3794 Massonibus
509 3745 706 3795 asserens:
741 3721 841 3794 “Ex
860 3722 917 3794 his
932 3746 1092 3820 namque
1112 3719 1287 3795 coalescit
1306 3745 1502 3821 synagoga

244 3854 394 3923 satane,
423 3863 507 3936 quae
532 3856 661 3912 contra
690 3838 898 3914 Ecclesiam
929 3839 1068 3914 Christi
1089 3864 1175 3912 suas
1195 3838 1341 3912 iustruit
1360 3840 1496 3937 copias,

245 3955 356 4029 insert
373 3955 482 4054 signa
500 3974 537 4030 et
557 3982 708 4030 manum
727 3958 890 4032 conserit
910 3955 965 4058 (³).
988 3957 1005 3985 '¹

297 4073 442 4170 Scopus
470 4092 594 4148 autem
613 4093 797 4149 sectarum
818 4100 1053 4173 nequaquam
1082 4074 1150 4147 luit
1169 4073 1337 4148 liberatio
1358 4075 1500 4163 Romae,

245 4215 329 4288 quae
348 4191 466 4288 magis
489 4190 604 4266 libera
623 4211 702 4267 erat
720 4211 758 4268 et
778 4193 897 4292 magis
915 4211 1026 4290 caput
1042 4192 1156 4266 Orbis
1175 4192 1244 4264 sub
1263 4209 1420 4289 paterno
1438 4194 1501 4268 do·

224 4311 386 4386 ‘minatu
408 4313 527 4386 Patris
546 4338 687 4411 regum,
718 4339 831 4412 quarn
860 4315 930 4389 sub
959 4312 1121 4388 infausta
1141 4310 1350 4387 intrusione
1368 4312 1502 4389 domus

246 4429 458 4503 Sabaudiae.

286 4611 304 4649 r.
319 4596 425 4648 Psalm.
442 4608 570 4650 cxxviii.

282 4689 304 4728 2.
315 4675 367 4744 Ep.
382 4675 418 4728 ad
433 4676 528 4744 Epist.
547 4675 750 4742 Brixinensem,
764 4693 794 4745 3¹
813 4678 907 4730 Martii
923 4678 997 4745 1889.

282 4768 305 4821 3.
318 4755 432 4823 Encycl.
446 4755 515 4809 Etsi
526 4756 625 4824 multa,
640 4771 669 4809 21
689 4758 762 4810 Nov.
776 4759 843 4824 1873
861 4758 888 4810 iu
899 4758 984 4812 calce

1252 4561 1498 4571 .-—..—-——.·...
