3496 5482
231 475 330 484 ,.-.-.-.
364 473 374 479 ,,
405 464 944 478 ...-..-.——...---—--—--—-———-—-——t

633 528 755 578 cnrur
782 527 976 578 oc'rnvuu.
1368 510 1436 596 189

177 630 1435 647 -—--—.-.—-————-——-—-—-——-————..—.---—-.—--—.-.

179 712 402 791 praesentem
424 694 536 790 Papae
555 691 813 789 captivitatem
839 715 1075 787 nequaquam
1111 690 1229 764 ltaliae
1256 689 1437 787 prodesse

170 811 241 886 'sed
262 811 295 884 ei
315 810 511 909 plerasque
531 810 695 884 internas
722 825 973 904 externasque
1004 832 1222 905 comparare
1246 807 1437 883 molestias

176 947 289 1026 atque
301 927 549 1003 difficultates.

231 1055 336 1128 Intus
354 1053 553 1129 discordiae
566 1071 604 1128 et
623 1078 709 1150 quae
728 1072 933 1125 nascuntur
945 1049 1042 1125 mala
1060 1052 1263 1150 omnigena
1278 1079 1285 1126 :
1298 1051 1437 1127 Catho-

175 1172 327 1247 licorum
349 1198 496 1256 moeror,
509 1157 828 1246 'conscientiarum
849 1169 1021 1255 turbatio,
1039 1168 1241 1267 impietatis
1259 1195 1438 1269 augmen·

176 1309 265 1378 tum,
301 1290 521 1386 depravatio
559 1314 715 1375 morum,
758 1307 968 1385 paupertas,
1010 1287 1170 1384 publicae
1208 1288 1439 1362 auctoritatis

175 1407 392 1494 debilitatio,
427 1409 635 1481 animorum
668 1406 814 1491 divisio,
842 1406 969 1479 odium
998 1405 1196 1480 multorum
1223 1425 1260 1480 et
1286 1407 1438 1503 quidem

175 1527 401 1624 optimorum
421 1526 456 1599 in
476 1525 711 1624 gubernium,
747 1523 903 1598 omissio
934 1523 1253 1598 coeremonialium
1288 1525 1439 1600 Pontifi-

72 1741 74 1744 Α
174 1643 319 1719 calium.

231 1763 409 1838 Exterius
428 1763 647 1838 diffidentiae
665 1780 704 1837 et
726 1763 944 1838 aversiones
965 1762 1082 1838 Orbis
1113 1762 1287 1849 universi,
1314 1788 1335 1836 e
1362 1763 1441 1860 qui-

177 1883 271 1956 bus:
301 1882 429 1955 mundi
448 1881 620 1955 catholici
648 1881 815 1968 offensio,
836 1879 1074 1956 difficultates
1101 1901 1139 1956 et
1162 1880 1323 1978 pericula
1350 1879 1440 1979 poli·

177 1999 259 2087 tica,
279 1999 478 2074 diminutio
498 1998 628 2074 crediti
648 1998 799 2095 publici.

223 2137 249 2204 <“
266 2127 477 2201 Concordia
500 2152 559 2201 res
588 2152 714 2224 parvae
734 2142 916 2211 crescunt,
941 2125 1127 2200 discordia
1151 2151 1241 2200 vero
1269 2127 1443 2201 maximae

176 2243 399 2320 dilabuntur.
416 2245 434 2272 ”
452 2245 514 2319 Sic
533 2264 642 2319 sonat
661 2245 858 2342 antiquum
874 2244 1049 2342 adagium
1065 2245 1226 2318 Romani
1253 2245 1443 2343 scriptoris

179 2361 315 2437 bellum
335 2363 604 2461 jugurthinum
624 2363 842 2438 enarrantis.
867 2362 1013 2460 Ecquid
1044 2362 1203 2437 etvaliud
1235 2381 1273 2439 et
1299 2384 1443 2439 contra·

179 2481 274 2555 rium
287 2480 402 2570 satum
424 2505 580 2580 regnum
606 2480 775 2555 Italicum
793 2480 995 2556 manebit?

232 2621 280 2681 11.
315 2608 459 2706 lnjusta
489 2608 656 2683 Dominii
689 2609 729 2683 S.
761 2608 871 2683 Sedis
902 2609 1080 2695 detentio,
1114 2607 1347 2685 latrocinium
1376 2629 1444 2697 est,

179 2725 360 2801 offensam
381 2725 545 2801 inserens
563 2725 777 2801 christianis
798 2726 965 2824 Europae
980 2726 1204 2805 nationibus.

231 2853 385 2927 Etenim
403 2853 562 2950 quaestio
579 2854 754 2928 Romana
774 2879 848 2929 non
868 2871 926 2929 est
942 2852 1115 2929 Romana
1135 2855 1192 2931 vel
1217 2856 1345 2932 ltalica
1365 2875 1443 2932 tan·

180 2991 269 3059 tum,
295 2971 361 3046 sed
381 2998 488 3069 aeque
506 2991 564 3046 est
585 2991 623 3046 et
651 2971 824 3072 Angliea,
844 2990 883 3047 et
914 2972 1074 3070 Belgica,
1102 2991 1140 3048 et
1172 2975 1378 3062 Austriaca,
1406 2994 1444 3052 et

180 3088 334 3176 Gallica,
355 3109 392 3164 et
415 3089 631 3185 Hispanica,
652 3110 690 3165 et
708 3091 942 3177 Americana,
965 3093 1082 3166 verbo
1100 3111 1158 3168 est
1186 3095 1448 3192 cosmopolita..

233 3217 406 3291 Libertas
426 3217 464 3294 S.
478 3215 589 3291 Sedis
608 3234 647 3291 et
665 3218 957 3316 independentia
976 3219 1121 3293 Summi
1138 3221 1327 3296 Pontificis
1345 3247 1445 3319 quae-

179 3336 252 3410 stio
278 3335 430 3408 maximi
450 3335 630 3409 momenti
648 3354 719 3411 est:
738 3355 883 3433 spectat
901 3337 1172 3412 conscientiam
1191 3339 1357 3413 omnium
1375 3340 1444 3414 Ca-

181 3452 412 3540 tholicorum,
443 3453 609 3551 cujusvis
628 3454 791 3529 nationis
808 3482 816 3541 ;
835 3473 981 3552 spectat
999 3455 1122 3544 fidem,
1149 3476 1444 3557 spectatpacem
1558 3501 1561 3509 .

181 3571 348 3646 omnium
366 3590 405 3645 et
423 3571 667 3669 singulorum.

233 3689 356 3763 Causa
386 3690 510 3787 agitur
537 3714 560 3762 a
590 3715 665 3786 qua
695 3691 836 3788 pendet
868 3691 961 3767 ordo
990 3691 1269 3769 christianitatis
1286 3715 1324 3770 et
1351 3697 1445 3772 ordo

182 3807 300 3882 civilis
319 3808 432 3881 totius
453 3807 595 3880 mundi.

233 3927 372 4024 Agitur
390 3926 437 3999 de
460 3926 645 4000 Dominio
660 3925 760 4023 quod
779 3927 827 4002 de
840 3927 926 4026 jure
944 3948 982 4003 et
1000 3929 1048 4003 de
1066 3929 1164 4004 lacto
1182 3956 1249 4027 per
1272 3951 1446 4028 quatuor·

182 4044 303 4118 decim
338 4043 473 4117 saecula
505 4045 673 4117 innixum
704 4045 809 4119 stetit
854 4046 1084 4122 inconcussis
1126 4068 1163 4123 et
1200 4051 1447 4126 sacrosanctis

184 4162 297 4236 totius
317 4161 431 4236 Orbis
450 4160 622 4236 catholici
641 4160 887 4261 legitimitatis
906 4165 1097 4262 principiis
1111 4186 1149 4241 et
1168 4166 1204 4240 in
1224 4167 1301 4242 vita
1319 4168 1446 4243 sociali

185 4281 349 4377 Europae
368 4280 562 4354 nationum
581 4281 720 4377 primas
750 4301 876 4378 partes
899 4283 978 4382 egit
999 4284 1116 4358 instar
1133 4285 1266 4382 capitis
1285 4285 1393 4361 simul
1409 4306 1447 4362 et

183 4399 305 4472 cordis
325 4399 361 4471 in
381 4398 590 4496 composito
609 4398 783 4475 humano.
802 4400 975 4476 Turbare
986 4401 1219 4503 haecorgana
1237 4429 1349 4502 posse
1360 4431 1447 4481 cen·

184 4543 285 4591 seres
304 4518 394 4614 quin
409 4536 447 4592 et
462 4535 581 4591 totum
600 4517 743 4615 sociale,
757 4544 893 4616 corpus
908 4520 1122 4597 turbatione
1140 4522 1284 4598 laboret
1300 4522 1317 4598 ?

241 4642 488 4728 patriarchali,
511 4665 550 4716 ut
578 4643 628 4719 ita
657 4644 789 4732 dicam,
813 4644 874 4720 illo
904 4646 1049 4749 Regno,
1072 4650 1237 4748 qualibet
1267 4649 1448 4726 moderna
