3496 5482
633 606 756 659 creon
782 606 968 660 conmuni.
1385 607 1432 680 43

224 769 282 871 (3)
297 771 466 848 Necesse
478 790 535 846 est
547 791 587 846 ut
597 773 812 849 exercitium
824 773 1022 870 potestatis
1031 772 1176 870 Capitis
1189 771 1371 848 Ecclesiae
1383 773 1434 846 ita

174 908 276 964 certo
294 909 466 965 constare
485 893 604 987 possit
621 891 796 966 omnibus
827 891 1013 980 fidelibus,
1041 911 1081 967 ut
1101 893 1347 969 excludantur
1370 919 1434 968 ex·

174 1010 368 1106 ceptiones
402 1009 626 1107 probabiles,
667 1035 762 1107 quas
797 1036 1020 1108 promovere
1050 1029 1204 1108 possent
1231 1011 1433 1085 adversarii

174 1126 342 1203 dicentes
364 1127 583 1202 Pontificem
606 1154 681 1202 non
695 1153 778 1204 esse
790 1128 958 1216 liberum,
983 1127 1042 1205 vel
1063 1154 1138 1204 non
1167 1154 1280 1229 agere
1298 1147 1435 1226 sponte

175 1270 252 1321 sua.
331 1261 335 1270 '
707 1243 709 1247 ’
793 1269 796 1273 ’
1073 1232 1074 1236 “
1169 1268 1172 1272 “
1261 1266 1290 1273 ”

225 1363 283 1464 (4)
304 1364 474 1440 Necesse
504 1380 562 1440 est
587 1383 627 1441 ut
655 1366 789 1440 Pastor
816 1365 1055 1440 immediatus
1081 1366 1249 1440 omnium
1268 1353 1433 1442 fidelium

174 1480 317 1557 alienus
334 1483 383 1557 sit
401 1509 423 1556 a
440 1482 753 1570 contentionibus,
782 1494 875 1582 quas
895 1481 1025 1558 fideles
1045 1483 1172 1581 populi
1192 1485 1229 1557 in
1254 1484 1433 1558 societate

173 1598 272 1674 civili
292 1601 387 1675 inter
405 1625 446 1675 se
464 1602 697 1676 committere
715 1619 880 1699 possent,
910 1627 957 1676 ne
986 1619 1023 1676 et
1048 1601 1128 1699 ipse
1146 1600 1312 1677 debitam
1343 1599 1433 1684 fide·

173 1715 261 1792 lium
280 1716 452 1792 fiduciam
472 1735 510 1793 et
525 1719 773 1794 reverentiam
801 1719 957 1804 amittat,
986 1721 1145 1818 ejusque
1166 1720 1327 1804 decreta,
1347 1743 1433 1816 que

173 1834 268 1909 sorte
287 1860 361 1909 non
377 1834 533 1932 placent,
550 1836 763 1932 suspicione
780 1834 951 1911 laborent
970 1838 1073 1935 quod
1093 1839 1130 1912 in
1149 1837 1307 1936 gratiam
1329 1835 1432 1910 Prin-

173 1952 264 2050 cipis
283 1951 342 2027 vel
361 1952 534 2051 gubernii
549 1954 606 2027 cui
626 1955 766 2039 subest,
784 1954 884 2028 edita
904 1954 989 2028 sint.

226 2069 281 2170 (5)
302 2072 471 2148 Necesse
489 2092 548 2148 est
566 2091 606 2148 ut
624 2099 670 2149 eo
688 2073 854 2149 sensibili
870 2071 1072 2172 splendore
1090 2073 1211 2148 cultus
1227 2091 1265 2148 et
1280 2071 1432 2147 honoris

173 2190 392 2267 honestetur
422 2193 617 2280 Primatus‚
636 2193 700 2290 qui
719 2193 876 2268 idoneus
895 2194 944 2267 sit
959 2217 1077 2290 penes
1096 2194 1277 2278 homines,
1294 2193 1332 2267 in
1347 2217 1430 2267 sen-

173 2308 341 2383 sibilibus
375 2308 621 2410 intelligibilia
639 2310 896 2408 percipientes,
932 2311 979 2385 ad
1001 2311 1278 2385 conciliandam.
1296 2310 1329 2385 ei
1355 2310 1431 2384 exi-

172 2427 424 2503 stimationem
443 2452 668 2525 supremam,
698 2445 736 2502 et
763 2429 811 2503 ad
838 2428 1049 2503 cavendum
1071 2453 1117 2504 ne
1142 2427 1341 2503 auctoritas
1365 2453 1432 2500 sua

173 2542 327 2638 vilescat
347 2541 946 2644 (1).Ι

222 2663 341 2761 Atqui
359 2663 439 2737 haec
457 2664 586 2739 omnia
604 2663 664 2739 vel
683 2662 875 2739 includunt
904 2663 963 2739 vel
990 2664 1148 2764 exigunt
1172 2662 1430 2762 plenissimum

172 2780 391 2855 exercitium
419 2782 669 2857 immunitatis
690 2781 895 2856 Pontificiae
913 2808 934 2856 a
954 2782 1047 2856 laica
1061 2778 1321 2880 jurisdictione
1340 2806 1429 2880 qua-

172 2882 271 2973 libet.
292 2898 500 2974 Vilesceret
520 2903 757 2996 certepenes
777 2899 1052 2975 multitudinem
1080 2901 1283 2975 auctoritas
1304 2900 1430 2996 Ponti·

171 3015 260 3103 ficis,
282 3017 312 3089 si
332 3017 372 3102 is,
385 3042 469 3090 non
486 3042 597 3091 secus
616 3044 659 3090 ac
676 3016 738 3091 alii
757 3016 870 3103 cives,
891 3018 939 3089 ad
969 3017 1060 3091 laica
1090 3017 1288 3091 tribunalia
1306 3018 1430 3091 tradu-

171 3153 325 3219 ceretur,
342 3160 364 3207 a
382 3133 474 3207 laica
491 3152 679 3233 potestate
698 3134 819 3232 poenis
836 3133 1084 3209 mulctaretur.
1105 3136 1160 3209 Ut
1179 3161 1271 3235 ergo
1282 3135 1431 3209 debitus

171 3251 292 3325 honor
308 3251 478 3356 Pontifici
497 3252 698 3340 deseratur,
714 3253 906 3352 subjectus
927 3252 957 3326 is
975 3278 1059 3326 esse
1080 3278 1154 3327 non
1172 3253 1286 3327 debet
1304 3271 1430 3327 aucto·

172 3370 270 3444 citati
292 3371 512 3467 Principum,
532 3371 667 3468 quibus
687 3371 767 3469 ipse
785 3387 939 3468 praestat
957 3371 1188 3445 auctoritate.

225 3488 321 3562 Item
342 3487 589 3585 tranquillitas
608 3489 800 3587 regiminis
818 3486 1059 3563 ecclesiastici
1081 3514 1154 3563 non
1174 3488 1270 3563 soret
1286 3487 1429 3563 stabilis

171 3630 238 3702 per
268 3630 318 3692 se,
347 3606 383 3678 id
415 3624 472 3680 est
504 3632 552 3681 ex
576 3606 775 3680 intrinseca
805 3606 942 3679 virtute
971 3605 1212 3679 auctoritatis.
1240 3605 1429 3680 Penderet

170 3723 268 3798 enim
289 3722 534 3820 tranquillitas
554 3723 602 3797 ab
620 3724 831 3798 extrinseca
850 3722 1043 3796 voluntate
1061 3748 1212 3820 quoque
1234 3723 1425 3819 Principia,

170 3842 233 3939 qui
255 3840 473 3915 Pontificem
494 3867 630 3938 cogere
649 3861 686 3916 et
705 3842 786 3937 ejus
805 3841 973 3915 actiones
1005 3841 1187 3937 impedire
1214 3859 1351 3936 posset.
1377 3828 1428 3914 Et

171 3960 342 4057 quamvis
363 3958 397 4031 id
419 3984 493 4031 non
515 3958 661 4046 laceret,
684 3978 809 4034 tamen
820 3968 963 4056 posset·
980 3983 1140 4054 cumque
1166 3957 1353 4031 mutabilis
1379 3959 1428 4032 sit

169 4078 250 4175 ejus
279 4075 462 4162 voluntas,
483 4102 632 4172 semper
661 4078 697 4149 id
730 4075 826 4151 velle
851 4075 1011 4172 poterit:
1045 4076 1144 4150 unde
1168 4101 1236 4172 per
1253 4076 1427 4149 accidens

171 4212 314 4268 tantum
335 4193 583 4290 tranquillitas
604 4195 795 4292 regiminis
814 4194 1056 4268 obtineretur.

225 4311 320 4385 ltem
339 4329 507 4407 spectata
527 4312 801 4385 inordinatione
821 4312 1065 4384 humanarum
1085 4308 1329 4396 voluntatum,
1347 4310 1425 4384 fieri

171 4454 244 4503 non
264 4448 390 4524 posset
411 4447 449 4500 ut
474 4428 646 4502 Pontifex
667 4429 838 4502 subditus
861 4429 1021 4523 Principi
1047 4427 1229 4525 gauderet
1260 4427 1370 4523 plena
1388 4447 1426 4502 et

170 4545 324 4642 perenni
339 4544 509 4619 libertate
529 4544 699 4631 docendi,
715 4545 857 4619 serendi
877 4544 981 4642 leges
1001 4562 1039 4618 et
1057 4544 1256 4641 puniendi:
1273 4563 1426 4641 propter

208 4761 229 4801 t.
244 4745 385 4814 Palation,
399 4746 526 4800 DeRom.
542 4747 632 4815 Pone,
646 4748 717 4802 thes.
732 4749 841 4818 XXIV,
852 4765 878 4819 p.
890 4747 952 4815 384.
