3496 5482
297 680 341 749 14
700 675 794 725 PAPA
820 675 880 725 SIT
907 675 982 725 REX
1012 678 1138 728 ROMAE.

296 838 502 913 Ecclesiam
522 863 654 924 meam,
675 855 713 911 et
731 853 849 933 portae
868 836 975 911 inferi
994 862 1068 912 non
1088 838 1344 935 praevalebunt
1367 841 1547 916 adversus

292 982 387 1034 eam.
403 1004 453 1015 —
473 958 525 1032 Et
543 958 610 1032 tibi
629 958 729 1033 dabo
747 956 871 1032 claves
890 958 996 1056 regni
1015 958 1193 1033 coelorum
1225 978 1262 1035 et
1285 962 1549 1060 quodcumque

292 1077 468 1178 ligaveris
499 1102 611 1175 super
642 1094 789 1163 terram,
814 1076 884 1150 erit
911 1076 1066 1177 ligatum
1087 1096 1124 1153 et
1156 1079 1192 1151 in
1212 1078 1338 1167 coelis;
1362 1097 1401 1154 et
1431 1080 1548 1177 quod·

293 1224 453 1297 cumque
471 1196 627 1272 solveris
646 1222 758 1294 super
776 1215 922 1284 terram,
944 1198 1014 1272 erit
1032 1196 1194 1273 solutum
1213 1217 1251 1273 et
1271 1199 1307 1273 in
1331 1198 1433 1274 coelis
1453 1197 1508 1299 (¹)
1530 1199 1547 1225 ”

349 1318 444 1393 Item
464 1317 532 1391 soli
552 1335 590 1391 et
623 1318 684 1391 uni
701 1318 847 1393 Simoni
875 1319 986 1393 Petro
1017 1319 1171 1393 contulit
1190 1319 1323 1416 lusam,
1343 1338 1429 1418 post
1443 1345 1548 1394 suam

295 1435 614 1522 resurrectionem,
635 1435 770 1509 summi
789 1436 949 1534 pastoris
968 1456 1005 1511 et
1024 1437 1178 1511 rectoris
1192 1438 1490 1537 jurisdictionem
1512 1438 1548 1511 in

295 1574 414 1630 totum
433 1580 541 1628 suum
560 1552 668 1642 ovile,
689 1554 841 1628 dicens:
863 1564 884 1593 ‘⁶
906 1555 1022 1629 Pasce
1045 1581 1165 1654 agnos
1183 1581 1297 1644 meos,
1319 1582 1431 1654 pasce
1457 1581 1550 1631 oves

296 1698 399 1747 meas
418 1669 472 1770 (²).
496 1672 513 1699 '¹

346 1807 379 1868 6.
400 1790 677 1865 Sublimitatem
697 1809 734 1865 et
766 1791 982 1865 unicitatem
1015 1791 1199 1865 Primatus
1221 1794 1320 1867 Petri
1353 1791 1551 1892 magnifice

297 1911 528 1985 demonstrat
560 1908 694 2005 triplex
723 1908 921 1983 discrimen
949 1909 1050 2006 quod
1082 1909 1312 1986 intercedere
1345 1911 1465 1985 visum
1495 1929 1553 1985 est

298 2029 393 2102 inter
406 2026 704 2124 jurisdictionem
728 2027 976 2101 universalem
997 2026 1035 2101 S.
1059 2027 1159 2102 Petri
1179 2046 1217 2103 et
1240 2029 1549 2127 jurisdictionem,

297 2146 537 2244 quantumvis
556 2144 670 2219 etiam
684 2145 942 2232 universalem,
961 2146 1245 2243 Apostolorum.

347 2291 371 2338 a
372 2263 621 2363 )Jurisdictio
639 2262 859 2337 universalis
879 2263 917 2337 S.
942 2263 1043 2337 Petri
1075 2283 1154 2339 erat
1182 2265 1391 2351 ordinaria,
1412 2292 1478 2341 seu
1505 2266 1552 2340 ad

298 2407 533 2457 successores
552 2383 643 2481 ejus,
668 2382 860 2455 Romanos
882 2380 1092 2468 Pontifices,
1108 2383 1307 2458 transitura
1321 2414 1328 2472 ;
1344 2385 1554 2484 jurisdictio

298 2518 433 2586 autem,
455 2500 696 2599 quantumvis
729 2498 958 2584 universalis,
989 2499 1144 2574 aliorum
1174 2501 1443 2599 Apostolorum
1475 2521 1554 2577 erat

299 2618 615 2706 extraordinaria,
636 2643 804 2692 seucum
825 2618 915 2715 ipsis
935 2619 1107 2715 peritura.

349 2721 625 2838 bllurisdictio
644 2737 863 2812 universalis
896 2737 934 2811 S.
965 2738 1064 2813 Petri
1097 2765 1138 2813 se
1167 2731 1396 2814 extendebat
1416 2765 1489 2813 non
1518 2738 1553 2811 in

299 2860 428 2936 fideles
442 2861 668 2947 tantum,sed
680 2880 718 2934 et
733 2861 768 2933 in
784 2885 914 2934 omnes
928 2885 970 2932 ac
982 2859 1149 2957 singulos
1165 2858 1413 2956 Coapostolos
1431 2887 1438 2946 ;
1445 2859 1554 2955 juris·

299 2980 412 3054 dictio
431 3005 521 3054 vero
541 2979 809 3076 Apostolorum
829 2978 981 3052 minime
1013 2978 1186 3074 usquein
1207 2979 1371 3075 ipsorum
1390 2977 1554 3077 collegas

300 3099 547 3199 pertingebat.

350 3217 388 3314 c)
402 3217 574 3290 Tandem
584 3214 794 3313 jurisdictio
809 3214 1027 3288 universalis
1043 3214 1188 3289 §.Petri
1204 3234 1284 3288 erat
1300 3214 1557 3311 independens

300 3362 343 3410 ac
362 3361 534 3432 suprema
550 3333 776 3432 ;jurisdictio
794 3352 917 3407 autem
937 3351 1145 3406 ceterorum
1173 3331 1453 3429 Apostolorum,
1475 3332 1556 3406 sive

301 3454 527 3554 singillatim,
564 3455 645 3529 sive
672 3452 865 3526 collective
893 3470 1136 3549 sumptorum,
1175 3471 1255 3526 erat
1285 3453 1504 3549 dependens
1536 3478 1558 3524 a

296 3575 556 3673 jurisdictione
587 3575 696 3657 Petri.
717 3573 914 3671 eidemque
933 3571 1174 3646 subordinata
1193 3568 1248 3671 (³).

352 3710 385 3769 7.
407 3704 428 3733 “
447 3694 587 3792 Siquis
606 3693 719 3794 igitur
736 3691 881 3777 dixerit,
904 3690 945 3765 B.
970 3690 1121 3763 Petrum
1141 3689 1365 3786 Apostolum
1387 3714 1460 3762 non
1475 3714 1558 3761 esse

304 3844 326 3891 a
345 3815 496 3891 Christo
514 3812 681 3886 Domino
695 3809 938 3884 constitutum
954 3806 1224 3905 Apostolorum
1240 3807 1406 3881 omnium
1422 3806 1559 3879 Princi-

304 3960 390 4033 pem
409 3951 446 4007 et
461 3932 574 4007 totius
596 3927 776 4002 Ecclesiae
791 3926 982 4001 militantis
1000 3924 1146 3999 visibile
1161 3945 1281 4021 caput,
1297 3923 1559 3997 —anathema

304 4053 353 4128 sit
372 4049 426 4150 (⁴).
439 4051 456 4078 '’

358 4169 419 4243 En
437 4191 528 4264 ergo
545 4167 677 4240 Petrus
695 4164 918 4240 constitutus
930 4162 1098 4236 Vicarius
1113 4161 1250 4260 Hujus,
1271 4163 1334 4260 qui
1348 4162 1427 4259 jam
1446 4162 1561 4235 dixit:

306 4299 326 4328 ‘⁸
349 4289 449 4361 Data
467 4304 524 4360 est
543 4284 642 4360 enim
662 4282 750 4356 mihi
763 4283 885 4358 omnis
899 4299 1066 4379 potestas
1097 4281 1134 4354 in
1153 4280 1250 4356 coelo
1268 4300 1306 4354 et
1331 4280 1483 4354 interra
1503 4276 1558 4377 (⁵)

346 4523 367 4560 1.
383 4505 572 4575 Marth.,xv1,
589 4507 675 4574 16-19.

343 4602 367 4642 2.
374 4587 473 4656 joan,
486 4598 553 4654 xxi,
570 4600 659 4656 15·¹7·

344 4682 367 4735 3.
382 4667 422 4721 Cl.
440 4668 474 4720 D.
489 4668 553 4722 Van
566 4667 602 4723 de
616 4668 708 4735 Putte,
723 4666 823 4722 collat.
838 4665 937 4736 Brug,
953 4664 975 4732 1,
988 4681 1014 4733 p.
1026 4677 1085 4732 390.

341 4762 367 4814 4.
383 4746 489 4801 Concil.
504 4747 595 4801 Vatic.
608 4758 709 4815 const,
721 4748 740 4815 1,
755 4764 816 4817 cap.
834 4761 855 4800 1.

345 4839 368 4897 5.
382 4827 498 4896 Mami,
511 4838 622 4895 xxvtu,
640 4826 680 4882 18.
