3496 5482
596 639 803 719 INDEX
835 637 1145 719 CAPITUM.

243 944 395 1000 Dedicatio

242 1031 503 1087 CommendatioS.
519 1030 548 1083 P.
565 1030 600 1081 Ν.
610 980 773 1098 ΑΙριιοηεὶΗ
1166 1067 1197 1079 ..
1383 1069 1403 1081 ..

241 1119 349 1173 Sensus
360 1117 545 1241 propheticus
568 1119 597 1170 S.
611 1116 750 1185 Alphonsi
765 1115 801 1169 de
823 1114 935 1169 nefasto
957 1114 1061 1168 influxu
1077 1112 1174 1169 sociali
1195 1124 1281 1169 sectae
1300 1068 1417 1169 Plasso·

242 1242 418 1348 Prooerniuin
813 1334 830 1343 ..
1096 1334 1114 1343 ..
1498 1308 1517 1361 3

242 1381 633 1435 Schematractandorum...
744 1422 773 1431 ..

241 1530 381 1583 CAPUT
396 1532 419 1579 1.
436 1555 470 1563 —
484 1524 675 1579 Summanum
690 1524 776 1577 totius
797 1523 965 1593 quaestionis
988 1524 1136 1590 Romanae,
1149 1540 1212 1594 quae
1231 1522 1346 1578 maximi
1370 1535 1417 1580 est

310 1613 839 1685 momenti,atqueabaltotractanda

363 1744 380 1774 ι.
395 1730 433 1774 Ab
443 1730 492 1773 alto
504 1728 673 1785 incipiendum.
683 1752 708 1760 -
723 1742 743 1773 2.
759 1727 789 1771 Et
800 1740 954 1785 nequaquam
964 1739 993 1771 ac
1003 1726 1023 1771 si
1031 1735 1142 1783 regeretur
1150 1726 1283 1771 desubiato
1295 1726 1386 1771 Princi-

330 1817 389 1865 patu
400 1807 460 1851 clviii
474 1806 575 1864 aiicujus
587 1806 701 1863 Episcopi
713 1806 784 1850 medii
796 1806 849 1855 nui.
862 1805 898 1849 vei
910 1805 1007 1849 trimiliae
1022 1805 1144 1862 regnantis
1154 1811 1196 1850 aut
1207 1805 1238 1849 de
1251 1804 1387 1850 mutatione

331 1883 416 1927 somme
426 1882 542 1939 gubernii.
557 1906 586 1913 -
596 1895 617 1938 3.
633 1880 670 1924 De
680 1894 755 1937 regno
766 1881 863 1929 Christi.
876 1894 919 1925 seu
937 1881 1051 1932 Ecclesia,
1070 1882 1156 1938 agitur.
1171 1906 1200 1913 -
1210 1896 1230 1935 ,ι
1245 1880 1300 1925 lmo
1311 1881 1342 1926 de
1359 1894 1387 1926 re

331 1964 419 2007 nostru.
433 1960 463 2003 dc
476 1959 560 2007 Roma.
573 1972 630 2015 quse
641 1959 672 2002 nti
681 1958 770 2003 Orbem
782 1958 926 2003 catholicum
937 1967 1037 2015 spectet.
1051 1966 1074 2002 et
1086 1959 1116 2002 de
1127 1959 1193 2004 bono
1203 1958 1299 2017 publico
1309 1958 1385 2003 totius

332 2035 460 2081 societatis
470 2058 500 2067 -
510 2046 531 2091 5.
548 2035 624 2077 Radix
636 2047 679 2078 seu
690 2034 751 2079 mtio
762 2034 833 2092 liujus
842 2034 993 2091 Principatus
1001 2035 1118 2079 civiliscst
1130 2035 1256 2092 singularis
1266 2034 1388 2080 Primatus

332 2112 355 2155 S.
372 2112 440 2156 Petri.
452 2136 481 2143 -
491 2112 512 2156 6.
528 2110 676 2155 Differentiae
687 2110 748 2154 inter
756 2110 946 2168 jurisdictionem
959 2111 984 2155 ii.
1004 2111 1065 2155 Petri
1076 2119 1100 2155 et
1110 2118 1243 2155 ceterontm
1253 2110 1385 2167 Apostolo-

332 2200 392 2232 rum.
402 2212 430 2219 -
439 2201 462 2241 7.
472 2186 538 2242 Papa
548 2193 584 2229 est
595 2198 718 2230 successor
733 2186 756 2229 S.
773 2186 834 2229 Petri
845 2186 869 2229 in
880 2187 965 2231 codem
978 2186 1090 2230 Primam.
1111 2209 1136 2217 —
1150 2188 1171 2230 8.
1190 2185 1233 2231 Est
1243 2198 1302 2242 ergo
1314 2184 1387 2231 Peter

333 2275 423 2319 regum,
439 2262 526 2307 Rector
544 2261 623 2311 Orbis.
643 2260 751 2305 Vicarius
766 2260 862 2305 Christi.
879 2286 909 2293 -
919 2274 939 2317 9.
954 2262 1108 2318 Quapropter
1125 2261 1201 2305 civilis
1211 2260 1263 2318 ejus
1276 2268 1386 2317 potestas

333 2339 405 2383 habet
417 2350 514 2382 causent
525 2338 569 2382 sibi
581 2336 733 2381 intrinsecum
744 2346 767 2380 et
775 2338 844 2381 unice
856 2337 977 2394 proprium
987 2351 992 2381 :
1004 2336 1147 2394 dignitatem
1154 2344 1177 2381 et
1188 2336 1320 2381 libertatern
1334 2335 1384 2381 Pri-

335 2414 526 2459 mnius.-ro.i·2t
537 2413 711 2469 ideoquamvis
722 2413 752 2458 sit
764 2413 909 2469 temporalis.
922 2412 1039 2458 rationem
1047 2422 1127 2457 tamen
1139 2412 1216 2457 induit
1227 2410 1381 2468 spiritualem.

335 2515 364 2525 -
378 2505 410 2535 tr.
426 2489 567 2535 Necessaria
584 2497 620 2534 est
638 2490 770 2547 praesertim
781 2490 872 2534 saeculo
883 2499 965 2534 nostro
973 2489 1108 2535 socialismi.
1120 2514 1149 2522 -
1162 2502 1195 2535 ια,
1207 2488 1291 2533 Donec
1298 2487 1386 2533 misera

335 2568 358 2611 S.
372 2567 441 2611 Sedis·
452 2566 559 2611 conditio
571 2566 682 2613 manebit.
697 2566 742 2609 tria
752 2575 821 2610 crunt
832 2578 888 2623 quae
899 2565 1193 2623 impedientunivcrsuIem
1203 2572 1227 2610 et
1238 2563 1385 2620 completum

336 2643 451 2688 Ecclesioe
459 2643 490 2688 de
500 2642 636 2687 socialismo
647 2641 802 2699 triumphum.

719 2803 838 2863 PARS
864 2804 1032 2864 PRIMA.

294 2947 341 2996 De
361 2947 531 3007 principiis
549 2946 820 2996 concurrentibus
839 2947 881 2996 ad
901 2949 928 2996 S.
952 2948 1043 2997 Sedis
1061 2948 1193 2996 civilem
1214 2948 1457 3008 principatum.

248 3102 388 3152 CAPUT
405 3105 444 3150 11.
462 3129 495 3135 --
512 3100 640 3152 Potestas
654 3098 753 3163 civilis
768 3099 878 3166 regalis,
901 3101 1040 3167 absoluta,
1053 3100 1189 3169 competit
1204 3100 1308 3154 Christi
1332 3101 1417 3154 Vica-

318 3186 368 3245 rio,
380 3187 441 3252 jure
455 3185 560 3252 divino,
574 3186 674 3239 saltent
690 3187 819 3254 naturali,
834 3198 949 3257 propter
964 3187 1119 3242 Primatum
1136 3187 1197 3256 ejus
1210 3198 1295 3258 atque
1314 3188 1415 3243 immu-

319 3284 436 3326 nitatem
1473 3291 1508 3347 25

368 3398 387 3428 1.
404 3384 460 3441 Jnre
471 3385 558 3437 (lirino,
572 3385 656 3429 saitem
670 3386 778 3434 naturali.
791 3387 880 3442 gaudet
891 3386 1013 3431 Romanus
1026 3386 1134 3431 Pontifex
1145 3385 1296 3432 immunitate
1306 3399 1386 3444 perso·

337 3461 384 3504 nnii
397 3461 539 3517 plenissima.
559 3486 587 3492 —
606 3474 625 3504 2.
641 3461 695 3505 lloc
704 3471 749 3515 Jus
766 3462 928 3509 immunitatis.
943 3463 1050 3506 divinum
1066 3475 1121 3507 curn
1137 3463 1236 3513 sitnon
1254 3462 1342 3520 pendet
1352 3463 1385 3507 ab

336 3536 384 3579 ullu
393 3536 514 3579 voluntate
522 3536 634 3587 humana,
648 3538 783 3594 nequidem
793 3539 828 3581 eci
837 3538 910 3594 ipsius
919 3538 1039 3583 Pontificis
1048 3552 1053 3589 ;
1063 3538 1105 3582 sed
1115 3546 1208 3582 tantum
1216 3547 1386 3583 excitemini

336 3613 393 3669 ejus.
408 3637 436 3644 --
447 3626 467 3669 3.
483 3612 559 3656 Neen
574 3613 634 3656 civili
652 3621 770 3668 potestate
781 3614 897 3670 originem
916 3615 991 3663 duxit.
1005 3627 1049 3659 nec
1059 3615 1091 3658 ab
1102 3628 1130 3659 ea
1149 3622 1227 3671 potest
1241 3614 1331 3659 aboleri
1343 3627 1387 3658 un·

336 3701 416 3744 quam.
431 3703 491 3742 --4.
505 3687 672 3732 Necessarium
689 3697 712 3733 et
723 3690 849 3734 essentiale
863 3699 898 3734 cst
918 3691 1038 3736 Primatui.
1057 3715 1085 3723 —
1096 3702 1116 3748 5.
1132 3690 1189 3734 Non
1204 3689 1325 3748 opprimit,
1343 3691 1386 3735 sed

336 3766 440 3822 adjuvat.
455 3790 482 3798 -
495 3768 516 3808 ii.
539 3765 603 3822 Papa
615 3767 741 3822 singularis
752 3776 788 3811 est
805 3767 923 3824 Princeps,
937 3768 1021 3811 unicus
1031 3776 1054 3813 ei
1065 3767 1089 3811 in
1106 3779 1193 3824 genere
1207 3779 1260 3819 suo,
1273 3774 1296 3811 et
1307 3766 1331 3811 in
1342 3779 1386 3811 sua

336 3842 423 3897 agendi
436 3842 533 3885 ratione.
548 3867 575 3873 —
589 3856 608 3897 7.
626 3841 653 3885 in
666 3856 689 3886 re
700 3843 797 3899 politica
808 3843 992 3895 intemationali‚
1006 3856 1101 3899 semper
1118 3843 1148 3887 sit
1159 3852 1248 3887 neuter.
1262 3867 1291 3876 -
1301 3843 1322 3887 8.
1337 3841 1386 3888 Ne·

336 3918 435 3974 quidem
445 3918 542 3967 [redere.
555 3919 640 3962 saitem
656 3928 780 3974 perpetuo.
795 3928 873 3975 potest
885 3933 938 3964 curn
957 3919 1038 3977 aliqua
1049 3920 1146 3965 natione
1156 3918 1254 3975 speciali
1269 3918 1343 3976 ligari.
1356 3942 1387 3953 -

336 4008 358 4050 9.
373 3993 423 4037 Nec
435 3993 533 4050 alicuius
545 3994 648 4038 nationis
660 3995 701 4037 diu
718 4008 769 4038 esse
780 3996 875 4052 hospes.
889 4020 918 4027 -
931 4009 963 4039 10.
984 3996 1021 4039 De
1032 3997 1156 4040 mansione
1171 3994 1315 4040 Pontificum
1325 3995 1386 4039 Ase-

337 4072 454 4115 trione-
467 4086 499 4115 11.
517 4071 601 4115 Romae
613 4084 660 4115 non
677 4071 764 4116 liabent
775 4073 884 4129 gubernii
901 4072 1002 4117 sormam
1014 4074 1241 4130 repraesentativam,
1254 4085 1297 4116 seu
1308 4080 1386 4117 coetus

336 4149 455 4203 legiferos,
474 4150 516 4192 seri
536 4163 575 4192 rex
594 4150 623 4192 sit
642 4149 774 4193 absolutus.
788 4174 816 4180 —
830 4163 862 4193 12.
885 4150 1041 4194 Paternaerit
1060 4163 1155 4206 semper
1165 4151 1216 4207 eJus
1234 4148 1384 4207 gubernandi

336 4225 396 4269 ratio
405 4226 513 4281 quantivis
523 4234 654 4269 autocratu.
668 4250 697 4257 —
711 4239 744 4282 ¹3·
765 4224 821 4268 Non
833 4234 925 4281 pugnat
936 4239 991 4270 cum
1002 4226 1074 4270 verbo
1093 4226 1137 4270 Dei
1149 4236 1175 4271 ut
1190 4226 1254 4270 idem
1270 4225 1343 4270 homo
1354 4224 1384 4269 sit

339 4301 450 4357 Princeps
460 4302 633 4345 ecclesiasticus
643 4309 666 4345 et
678 4302 788 4358 politicus
799 4302 876 4346 simul.

247 4436 385 4486 CAPUT
402 4440 460 4486 111.
477 4464 511 4470 —
526 4433 711 4487 Necessarius
722 4445 764 4487 est
777 4433 954 4503 Principatus
966 4434 1055 4488 civilis
1067 4443 1182 4503 propter
1199 4433 1318 4488 liberum
1337 4447 1415 4487 exer·

318 4520 414 4573 citium
431 4520 621 4574 immunitatis
636 4524 664 4575 S.
679 4522 770 4589 Sedis,
785 4539 842 4590 prce
865 4523 964 4591 primis
977 4522 1006 4575 in
1029 4523 1161 4591 praesenti
1176 4539 1270 4577 rerum
1283 4530 1367 4588 statu,
1381 4550 1414 4559 —

318 4618 345 4661 et
359 4608 420 4661 haec
433 4620 475 4662 est
489 4608 592 4662 veritas
606 4610 678 4663 adeo
692 4609 756 4663 fidei
771 4611 919 4664 catholicae
931 4610 1068 4680 proxima,
1087 4619 1117 4664 ut
1140 4609 1195 4665 fide
1205 4619 1282 4665 certa
1295 4608 1414 4664 dicatur.
1470 4625 1503 4676 41
