3496 5482
1338 464 1585 473 —ss———w

327 511 400 582 206
737 532 829 580 rnen
857 531 915 581 sm
944 530 1019 579 nex
1049 530 1175 580 noua.

1412 637 1584 648 .—

326 690 490 787 ipsorum
509 690 652 766 consilii
671 692 858 792 gravitate
877 709 915 767 et
934 691 1117 789 sapientia
1131 691 1230 766 serio
1249 691 1482 789 perpendant
1504 715 1588 787 quae

324 826 541 907 quantaque
569 808 666 884 mala
697 812 733 885 in
766 810 987 896 detestabili,
1020 836 1131 908 quem
1173 809 1428 896 lamentamur,
1450 825 1589 883 eventu

324 924 569 1002 cumulentur.
590 928 730 1028 Agitur
747 929 845 1003 enim
871 930 918 1003 de
937 928 1088 1003 immani
1124 928 1336 1015 violatione,
1356 953 1441 1026 quae
1460 944 1589 1002 contra

325 1045 535 1120 universale
564 1049 732 1146 gentium
758 1049 821 1147 jus
851 1047 1023 1145 nequiter
1053 1065 1110 1121 est
1139 1064 1294 1144 patrata,
1326 1071 1484 1144 quaeque
1519 1045 1588 1118 nisi

323 1164 477 1237 omnino
491 1184 715 1252 coerceatur,
734 1164 833 1239 nulla
847 1167 1035 1264 deinceps
1049 1164 1204 1265 legitimi
1224 1166 1403 1264 cujusque
1423 1164 1518 1262 juris
1530 1163 1588 1236 fir-

323 1282 433 1357 mitas
447 1308 489 1357 ac
504 1284 684 1358 securitas
699 1285 837 1381 poterit
851 1285 1103 1359 consistere...
1121 1284 1283 1359 Pronum
1298 1302 1356 1357 est
1382 1281 1589 1382 intelligere

321 1419 501 1498 quantum
538 1403 759 1500 cuicumque
802 1402 986 1501 gubernio
1031 1403 1230 1477 discrimen
1262 1418 1507 1498 comparetur,
1551 1418 1589 1473 et

321 1538 461 1615 quanta
479 1520 516 1593 in
536 1520 749 1594 universam
768 1520 914 1596 civilem
934 1521 1152 1596 societatem
1180 1521 1363 1595 redundet
1394 1518 1585 1616 pernicies,

320 1660 405 1710 cum
425 1637 476 1712 ita
495 1636 595 1713 fatali
613 1640 888 1713 communismo
906 1639 1030 1713 aditus
1054 1639 1244 1736 aperiatur
1263 1637 1317 1739 (¹).
1334 1638 1352 1665 ’'

373 1764 451 1839 Sed
470 1764 657 1862 principes
677 1766 814 1841 nedum
830 1765 1072 1841 rebellionem
1091 1767 1189 1840 serio
1207 1784 1245 1839 et
1263 1764 1462 1840 efficaciter
1486 1788 1587 1838 coer·

322 1908 405 1957 cere
437 1884 670 1970 studuerunt,
700 1884 976 1984 legitimitatem
1003 1884 1099 1984 juris
1128 1900 1435 1981 contempserunt
1475 1899 1588 1979 atque

322 2001 522 2076 discrimen
542 2001 627 2076 fatis
645 2004 905 2077 communismi
927 2004 1168 2077 incurrerunt.
1191 2005 1281 2077 ldeo
1296 2000 1476 2076 clamores
1498 1999 1588 2074 hiet

321 2120 544 2218 gravissima
564 2121 705 2195 monita
724 2146 848 2196 aerem
876 2121 1074 2196 verberare
1093 2121 1325 2205 videbantur,
1347 2145 1414 2194 nec
1451 2118 1586 2216 pertin·

322 2264 413 2338 gere
432 2264 550 2336 usque
582 2239 629 2311 ad
658 2264 766 2313 aures
799 2239 931 2337 regias,
956 2239 1076 2313 donec
1103 2240 1362 2338 magnanimus
1402 2236 1584 2322 Pontifex,

315 2358 394 2455 jam
416 2358 548 2431 Romae
566 2357 748 2453 captivus
763 2384 830 2431 suo
848 2358 1028 2431 Dominio
1047 2359 1241 2455 temporali
1254 2344 1403 2454 penitus
1421 2356 1583 2437 orbatus,

318 2494 356 2550 et
377 2475 534 2549 victima
566 2493 752 2549 sectarum
775 2474 1061 2550 anti-socialium
1090 2477 1253 2561 effectus,
1275 2475 1381 2573 quasi
1417 2474 1586 2548 ultimum

318 2591 470 2691 protulit
488 2595 699 2689 suspirium.
723 2595 766 2668 ln
799 2595 955 2668 mirabili
983 2620 1050 2669 sua
1069 2595 1347 2692 protestationis
1389 2590 1589 2690 Encyclica

324 2737 337 2785 1
374 2713 475 2786 Nov.
506 2715 611 2805 1870,
644 2713 747 2810 Papa
770 2712 964 2787 damnavit
1000 2712 1091 2787 lalsa
1122 2712 1354 2809 spoliationis
1397 2709 1587 2808 principia,

320 2829 512 2904 damnavit
543 2850 580 2904 et
606 2849 779 2906 auctores
811 2851 848 2904 et
877 2831 1078 2929 complices
1111 2831 1250 2930 hujus;
1286 2830 1444 2928 perinde
1479 2853 1522 2902 ac
1557 2827 1588 2901 si

320 2949 519 3023 societates
534 2948 664 3022 ultimo
679 2975 831 3023 monere
848 2949 970 3036 vellet,
984 2949 1113 3023 horam
1123 2951 1202 3047 jam
1215 2950 1270 3023 eis
1284 2947 1492 3022 advenisse
1509 2945 1589 3018 vin·

321 3068 430 3141 dietae
452 3067 524 3140 Dei
544 3093 617 3164 qua
636 3086 673 3141 et
692 3068 783 3163 ipsae
806 3069 1072 3143 invaderentur
1090 3093 1133 3140 ac
1151 3068 1428 3145 devorarentur
1446 3083 1483 3138 et
1502 3088 1588 3136 con-

323 3185 426 3259 tinuo
445 3203 606 3259 tremore
624 3204 882 3283 premerentur
910 3212 931 3259 a
959 3205 1128 3259 monstro
1146 3185 1344 3259 socialismi
1359 3203 1396 3258 et
1425 3207 1590 3256 commu-

323 3302 442 3389 nismi,
463 3304 561 3376 done
580 3304 753 3377 ctandem
773 3303 967 3399 pristinum
982 3304 1077 3402 juris
1096 3322 1134 3378 et
1152 3301 1399 3402 legitimitatis
1418 3299 1589 3373 ordinem

324 3421 643 3495 restituerent.Nil
659 3421 795 3495 addam
808 3423 855 3495 de
868 3421 1070 3520 magistrali
1089 3418 1289 3518 Encyclica
1302 3445 1376 3517 qua
1399 3442 1591 3491 successor

327 3538 382 3611 Pii
398 3537 466 3624 IX,
480 3540 735 3613 sanctissimus
753 3540 853 3637 Papa
869 3557 994 3614 noster
1011 3541 1091 3613 Leo
1104 3540 1161 3612 Xl
1172 3540 1208 3613 ll
1229 3539 1381 3612 easdem
1404 3535 1591 3609 luctuosas

325 3656 496 3752 sequelas
544 3658 777 3756 spoliationis
828 3659 866 3733 S.
906 3659 1016 3733 Sedis
1049 3658 1272 3758 indigitavit.
1309 3654 1490 3753 Legenda
1534 3670 1592 3728 est

325 3772 512 3870 encyclica
540 3776 587 3849 ad
610 3777 820 3874 Episcopos
852 3777 1046 3850 universos
1072 3776 1242 3851 catholici
1262 3773 1377 3849 Orbis
1411 3774 1460 3846 de
1491 3788 1592 3845 secta

326 3891 605 3981 socialistarum,
622 3894 963 3980 communistarum,
979 3894 1223 3968 nihilistarum
1245 3894 1306 3966 die
1324 3895 1369 3964 28
1396 3893 1487 3966 Dec.
1499 3891 1592 3981 1878

327 4010 571 4110 promulgata.
595 4013 776 4112 Legenda
790 4032 847 4086 est
866 4029 902 4086 et
922 4012 992 4085 alia
1015 4012 1186 4110 Epistola
1206 4012 1303 4085 haud
1323 4012 1445 4084 minus
1477 4007 1593 4081 admi-

327 4129 452 4202 rabilis
487 4132 534 4204 de
567 4131 673 4204 malis
710 4131 882 4204 humanae
917 4131 1106 4204 societatis
1144 4154 1348 4226 eorumque
1394 4127 1515 4203 causis
1555 4142 1594 4198 et

328 4249 502 4323 remediis
537 4251 625 4324 data
664 4274 704 4321 21
746 4249 886 4347 Aprilis
911 4253 1015 4343 1878.
1046 4250 1237 4349 Legendae
1254 4268 1341 4322 sunt
1386 4247 1422 4320 in
1464 4242 1594 4342 primis

329 4367 563 4464 magistrales
593 4369 746 4441 Litterae
781 4369 829 4441 de
863 4367 961 4441 civili
997 4367 1203 4466 principatu
1222 4386 1260 4443 et
1303 4368 1350 4440 de
1392 4363 1594 4438 christiana

366 4687 388 4727 1.
402 4673 491 4730 Alloc.
511 4675 539 4730 in
549 4675 675 4744 consist,
686 4677 719 4730 28
730 4675 808 4746 Sept.
824 4679 899 4735 1860.
