3496 5482
186 432 243 442 -α

536 495 659 548 canuc
690 493 871 546 nncruuu
897 491 1082 544 rennuit.
1368 478 1436 560 31'1

181 657 305 734 elevat
322 651 476 760 gentem
494 684 502 746 ;
521 658 677 733 miseros
689 673 814 732 autem
833 655 919 730 lacit
937 653 1314 757 populos'peccatum.
1327 650 1441 748 Quod

182 795 340 876 experta
359 794 416 854 est
434 795 525 852 aetas
544 793 682 851 nostra.
809 787 813 792 “
1275 777 1278 781 ’

237 896 475 996 Exemplaris
507 920 657 994 semper
688 894 755 969 suit
770 910 851 993 'pro
872 893 1046 968 omnibus
1064 890 1256 993 guberniis
1286 889 1441 964 adminia

184 1015 314 1090 stratio
326 1015 732 1115 paternaSummorum
749 1012 980 1100 Pontificum,
991 1010 1231 1111 quantumvis
1239 1011 1439 1088 autocrata.

236 1134 389 1209 Etenim
425 1133 556 1232 priscis
584 1131 739 1220 saeculis,
762 1150 931 1230 tempore
967 1131 1162 1206 horrendae
1192 1155 1313 1206 rerum
1338 1127 1442 1202 'divi-

185 1277 315 1326 narum
334 1251 656 1350 humanarumque
677 1251 967 1350 perturbationis
993 1249 1062 1325 soli
1086 1249 1133 1323 ad
1157 1274 1256 1324 nova
1283 1236 1443 1346 politicae

185 1370 427 1446 institutionis
472 1371 659 1447 elementa
708 1369 928 1444 insinuanda
978 1367 1201 1444 institerunt.
1248 1367 1442 1467 Siquidem

184 1494 325 1569 directa
360 1495 556 1569 dumtaxat
602 1496 863 1568 Romanorum
902 1492 1123 1567 Pontificum
1163 1492 1319 1577 actione,
1345 1486 1445 1566 nova

186 1637 304 1714 regna
333 1639 375 1688 ac
409 1613 649 1712 respublicae,
681 1613 736 1686 od
749 1613 921 1711 formam
948 1637 1062 1685 sacra
1090 1609 1343 1697 z'nstr'tutzbm's,
1378 1637 1439 1687 ex-

186 1756 341 1832 surgere
358 1732 496 1830 ubique
516 1733 744 1830 inceperunt.
766 1731 908 1805 Idcirco
925 1756 1022 1805 nova
1037 1756 1154 1832 regna
1168 1748 1207 1805 et
1225 1728 1444 1829 respublicae

188 1849 259 1926 illae
278 1852 414 1928 nedum
435 1853 591 1928 sormam
616 1853 873 1940 extrinsecam,
895 1852 961 1928 sed
980 1869 1018 1927 et
1047 1853 1124 1926 vim
1145 1869 1445 1950 potestatemque

188 1969 424 2047 intrinsecam
445 1972 701 2047 Ecclesiastici
725 1972 915 2071 regiminis
950 1997 1026 2068 prae
1051 1997 1092 2046 se
1123 1969 1296 2047 tulerunt.
1324 2015 1374 2027 -
1395 1969 1447 2045 Et

189 2109 316 2165 nostra
344 2093 457 2168 etiam
487 2110 598 2168 aetate
630 2093 725 2167 inter
760 2092 918 2190 populos
946 2093 1011 2190 qui
1040 2093 1225 2168 mordicus
1256 2090 1449 2191 exemplar

191 2209 445 2286 Ecclesiastici
465 2210 656 2311 regiminis
681 2229 890 2297 servarunt,
918 2211 1058 2286 eminet
1076 2236 1167 2286 sane
1190 2209 1347 2312 Anglus,
1373 2237 1448 2286 ma·

189 2329 311 2403 ximus
330 2330 427 2406 inter
456 2329 615 2428 populos
634 2349 672 2406 et
705 2332 810 2431 cujus
828 2331 1038 2406 dominatio
1052 2329 1161 2406 latius
1180 2357 1263 2407 sese
1281 2332 1451 2407 extendit

189 2471 302 2545 quam
323 2448 412 2523 olim
432 2450 629 2548 imperium
653 2451 879 2525 Romanum.
899 2449 1062 2547 Populus
1080 2469 1203 2524 autem
1225 2449 1284 2525 ille
1305 2451 1450 2526 Britan·

189 2591 271 2654 nus,
293 2592 371 2642 non
391 2567 564 2643 obstante
593 2570 680 2643 odio
699 2595 745 2644 ex
772 2569 925 2644 libidine
946 2567 1102 2643 Henrici
1121 2568 1223 2642 VIII
1255 2568 1290 2642 in
1313 2570 1450 2644 Roma·

189 2710 277 2765 num
308 2685 525 2762 Pontificem
554 2689 725 2786 nequiter
742 2688 937 2774 concitato,
960 2688 1088 2762 Iormae
1107 2706 1231 2762 tamen
1256 2687 1448 2788 regiminis

188 2802 380 2879 catholicae
401 2804 582 2881 Ecclesiae
609 2806 790 2882 tenaciter
807 2805 965 2881 adhaesit
993 2805 1100 2880 sicuti
1126 2822 1163 2880 et
1184 2805 1305 2902 Papae,
1333 2831 1447 2904 quum

188 2922 275 2997 olim
313 2941 440 2999 essent
475 2952 586 3024 reges
620 2928 763 3001 Romae.
801 2926 894 3002 Ideo
936 2925 1116 3024 quidquid
1152 2925 1240 2999 boni
1276 2924 1312 2999 in
1348 2923 1447 3001 civili

188 3041 455 3118 constitutione
467 3043 617 3142 Angliae
630 3042 800 3132 habetur,
818 3043 945 3143 procul
959 3043 1108 3118 dubioa
1123 3042 1304 3143 regimine
1320 3041 1447 3119 catho-

186 3157 265 3233 licae
286 3158 466 3236 Ecclesiae
481 3161 630 3259 profluit
650 3161 703 3262 (¹)

240 3293 292 3356 13.
314 3280 416 3376 Papa
434 3279 483 3353 sit
509 3280 592 3354 Rex
622 3282 765 3367 Romae,
795 3281 905 3378 plane
930 3279 1023 3355 liber
1041 3297 1154 3379 atque
1173 3279 1441 3378 independens,

187 3414 225 3472 et
243 3398 408 3472 omnium
427 3397 545 3474 oculis
561 3424 628 3495 per
655 3399 824 3474 instituta
842 3398 965 3473 civilia
983 3399 1119 3496 poterit
1138 3397 1304 3496 praebere
1323 3397 1443 3497 qualis
1463 3446 1466 3451 -

187 3535 401 3615 quantaque
418 3543 507 3592 cura
524 3516 692 3617 gerenda
713 3519 761 3592 sit
788 3518 836 3593 de
855 3518 1071 3593 conditione
1088 3516 1287 3614 opificum;
1306 3519 1443 3613 poterit

188 3632 308 3730 palam
339 3635 562 3711 solutionem
595 3637 795 3733 practicam
827 3636 993 3736 proferre
1017 3636 1054 3709 in
1086 3635 1295 3734 quaestione
1316 3633 1441 3710 sociali

187 3744 270 3849 quae
290 3753 325 3827 in
346 3753 473 3851 primis
492 3753 682 3851 operarios
696 3772 840 3852 spectat
855 3782 864 3842 ;
881 3755 1018 3852 poterit
1031 3754 1223 3854 guberniis
1236 3771 1443 3830 monstrare

189 3870 354 3970 regimen
372 3870 586 3970 exemplare
604 3870 836 3970 populorum.

242 3989 297 4063 Ut
313 3989 391 4087 ipse
406 3989 542 4065 latetur
556 4007 669 4089 atque
688 3992 880 4089 promittit,
889 3991 920 4066 si
935 3990 1152 4066 Dominium
1168 3990 1275 4066 civile
1290 3990 1324 4065 ei
1339 3990 1445 4066 restl·

190 4125 364 4194 tueretur,
385 4126 423 4183 et
444 4107 593 4207 Religio
617 4135 659 4184 ac
691 4108 861 4185 Ecclesia
879 4108 989 4207 plena
1015 4108 1225 4208 gauderent
1242 4109 1414 4185 libertate
1435 4135 1444 4184 ε

191 4237 210 4265 “
223 4224 390 4301 Sociales
408 4227 659 4325 quaestiones,
680 4253 777 4326 quae
799 4229 895 4304 adeo
923 4228 1090 4303 omnium
1108 4227 1255 4303 animos
1283 4228 1320 4302 in
1339 4252 1445 4325 prae·

189 4344 285 4419 senti
303 4344 494 4430 distinent,
522 4345 568 4419 ad
600 4345 781 4443 optimam
810 4347 1089 4445 perfectamque
1115 4345 1348 4434 solutionem,
1379 4370 1448 4445 per

190 4463 389 4561 practicam
419 4480 702 4562 praeceptorum
731 4463 922 4540 charitatis
951 4482 989 4539 et
1021 4464 1184 4539 iustitiae
1204 4462 1446 4565 evangelicae

229 4680 250 4721 r.
265 4666 418 4737 Pallottim,
434 4667 546 4724 Sacerd.
559 4667 682 4740 rtlmp,
696 4678 714 4724 t.
730 4668 768 4738 11,
782 4685 810 4739 p.
826 4641 884 4736 164.
