3496 5482
1224 461 1509 470 ——————..

243 530 316 601 390
650 527 744 578 PAPA
771 526 831 577 SIT
860 527 935 576 REX
967 526 1094 577 ROMAE.

248 636 446 646 -——-..‘--
705 632 886 638 .—.—...----.
1067 629 1311 637 -—--·--—....-..
1323 632 1361 636 ,,,
1382 632 1504 640 ’,ἥ

292 687 490 787 Quotquot
509 685 661 761 tandem
681 702 768 759 sunt
786 684 889 759 cives
908 684 1099 782 religionis
1118 701 1156 758 et
1174 684 1307 782 patriae
1321 704 1504 772 amantes,

240 832 324 881 cum
357 805 537 881 Pontifice
569 806 743 880 Romano
772 829 839 904 pro
866 806 940 880 aris
966 821 1004 880 et
1024 804 1115 879 locis
1134 822 1286 880 strenue
1305 803 1505 880 luctentur.

246 925 396 999 Horum
415 924 582 1001 omnium
601 948 672 997 una
694 949 768 997 vox
788 923 861 998 sit:

649 1104 751 1177 Pam
769 1126 827 1177 srr
848 1102 933 1175 Rex
956 1102 1100 1176 Romu!

269 1222 307 1296 H
314 1245 370 1297 AEc
390 1245 523 1297 suuun
542 1245 705 1297 socurro
724 1245 783 1296 src
801 1244 1041 1310 Quesuours
1060 1244 1229 1296 socmnrs
1249 1245 1479 1298 rnffisaurrs.

465 1340 585 1414 Horta
603 1362 671 1414 usr
688 1364 760 1429 Jau
782 1362 854 1415 uos
873 1363 924 1413 un
942 1363 1074 1415 souuo
1093 1340 1286 1416 succurra!

292 1532 324 1592 7.
348 1518 436 1591 Non
455 1514 613 1613 quadrat
632 1541 762 1590 revera
780 1515 959 1614 segnities
979 1515 1177 1590 multorum
1198 1541 1282 1590 cum
1299 1516 1423 1590 verbis
1440 1542 1505 1591 ex-

243 1633 456 1710 hortatoriis
488 1633 623 1731 quibus
662 1633 835 1708 Pontifex
871 1632 1070 1732 alloquitur
1098 1633 1258 1732 populos
1286 1633 1502 1721 catholicos,

246 1752 438 1850 Principes
456 1769 494 1826 et
516 1751 727 1848 Episcopos
746 1776 889 1826 omnes.

295 1881 316 1911 “
335 1868 550 1944 Catholicos
578 1895 625 1943 ex
654 1869 828 1942 omnibus
857 1869 964 1943 terris
988 1869 1139 1973 assidua
1168 1869 1353 1967 quaedam
1387 1888 1502 1958 tenet,

243 1987 345 2064 velut
365 1987 438 2061 fixa
457 1986 493 2060 in
513 2005 674 2084 pectore,
707 1985 929 2062 sollicitudo.
959 1989 1096 2085 Neque
1124 1988 1224 2061 enim
1253 2006 1411 2086 possunt
1439 2006 1505 2064 aut

244 2106 339 2180 serre
375 2104 506 2179 leviter
537 2104 706 2180 Parentis
743 2103 878 2203 publici
915 2106 1108 2206 indignam
1139 2107 1403 2193 conditionem,
1438 2125 1503 2182 aut

243 2223 451 2298 libertatem
487 2222 741 2321 augustissimi
765 2223 958 2299 ministerii
988 2249 1062 2298 non
1090 2250 1219 2300 curare
1250 2225 1288 2299 in
1309 2225 1503 2323 Episcopo

244 2341 451 2416 animarum
471 2365 631 2416 suarum.

297 2469 317 2498 '⁸
340 2459 374 2531 N
380 2458 560 2532 ovissimo
578 2476 702 2533 autem
723 2477 901 2558 tempore,
922 2486 1004 2534 curn
1024 2485 1071 2534 ex
1090 2460 1202 2534 variis
1224 2460 1401 2558 Europae
1420 2486 1503 2558 par·

245 2577 343 2651 tibus
368 2577 404 2649 in
436 2576 607 2650 civitates
635 2577 820 2674 principes
838 2603 983 2652 summa
1002 2577 1194 2652 voluntate
1223 2576 1501 2662 convenissent,

244 2694 346 2770 utilia
377 2694 487 2768 rebus
516 2695 775 2768 communibus
804 2694 958 2770 consilia
987 2696 1082 2769 inter
1108 2722 1149 2769 se
1175 2694 1352 2781 collaturi,
1385 2694 1504 2769 nostis

243 2829 421 2911 quantam
441 2830 584 2909 partem
603 2813 872 2911 cogitationum
888 2832 925 2888 et
939 2839 1109 2889 curarum
1123 2839 1274 2887 suarum
1295 2813 1384 2886 Sedi
1397 2813 1502 2910 Apo·

243 2930 397 3008 stolicae
416 2931 623 3006 tribuerint.

295 3061 316 3090 “
338 3050 511 3123 lamvero
530 3051 630 3147 quod
655 3070 887 3137 censuerunt,
910 3053 956 3125 ad
988 3052 1270 3126 custodiendam
1291 3050 1501 3148 Apostolici

244 3167 407 3242 muneris
427 3166 463 3239 in
495 3168 674 3242 Pontifice
701 3168 911 3244 libertatem
939 3170 1037 3243 civili
1060 3170 1272 3266 Principatu
1292 3196 1376 3244 esse
1394 3194 1501 3267 opus,

244 3285 449 3360 sententias
461 3311 547 3359 suas
559 3288 606 3359 ad
619 3287 830 3384 exemplum
844 3288 1107 3386 doctrinasque
1122 3289 1234 3363 Sedis
1245 3286 1502 3386 Apostolicae,

246 3421 285 3477 ut
304 3428 465 3500 aequum
484 3422 573 3488 erat,
593 3404 881 3481 conformarunt.

297 3522 450 3617 “Quod
478 3542 602 3598 autem
630 3526 847 3599 enitendum
875 3527 945 3600 sibi
972 3528 1075 3601 omni
1091 3529 1235 3601 ratz'one
1252 3527 1417 3623 legitima
1441 3527 1504 3601 de·

245 3659 453 3726 creverunt,
470 3659 510 3715 ut
529 3669 567 3716 re
588 3644 667 3740 ipsa
688 3646 861 3720 Pontifex
877 3648 913 3721 in
929 3647 1138 3721 libertatem
1155 3647 1318 3721 debitam
1335 3648 1504 3722 restitua-

247 3775 315 3842 tur,
337 3758 414 3831 iure
433 3784 501 3832 suo
522 3762 575 3834 usi
591 3782 687 3850 sunt,
704 3790 858 3840 caussae
878 3767 1110 3856 iustissimae,
1127 3792 1223 3864 quae
1237 3765 1503 3840 catholicorum

246 3876 411 3951 omnium
431 3881 638 3954 communis
657 3884 822 3978 putanda
841 3902 908 3970 est,
931 3884 1045 3958 tutela
1063 3905 1237 3982 suscepta
1256 3884 1310 3983 (¹).
1333 3885 1350 3911 ’¹

296 3994 359 4068 Ad
382 3995 571 4094 Principes
591 4019 627 4073 et
648 4026 755 4098 reges
774 4003 826 4076 sic
845 4001 1006 4101 loquitur
1028 4006 1155 4102 Papa:

297 4124 319 4153 “
338 4112 456 4187 Simul
475 4134 600 4190 autem
618 4119 665 4192 ad
693 4120 883 4218 Principes
903 4142 939 4197 et
958 4150 1153 4221 supremos
1173 4123 1395 4222 populorum
1420 4125 1504 4197 Mo-

245 4231 436 4306 deratores
468 4259 581 4307 voces
615 4237 776 4312 Nostras
808 4244 1071 4327 convertimus,
1103 4267 1244 4339 eosque
1271 4266 1338 4339 per
1366 4266 1503 4314 nomen

244 4368 444 4448 augustum
462 4353 597 4425 summi
614 4355 686 4428 Dei
702 4357 813 4430 etiam
829 4377 942 4455 atque
955 4360 1066 4433 etiam
1082 4361 1325 4445 obtestamur,
1341 4385 1387 4432 ne
1401 4358 1503 4432 obla-

246 4486 320 4543 tam
340 4467 410 4542 sibi
431 4487 505 4543 tam
527 4475 737 4549 necessario
757 4498 926 4574 tempore
945 4505 1054 4574 opem
1078 4479 1271 4553 Ecclesiae
1294 4479 1503 4573 repudient.

592 4619 609 4625 -
614 4620 688 4627 ---
695 4622 883 4631 --——.—-.
891 4625 1006 4632 .-.....-.
1210 4620 1501 4632 --....-.---.-.

283 4685 306 4726 ι.
324 4672 414 4727 Alloc.
429 4687 462 4740 24
477 4675 548 4729 Maii
564 4676 639 4746 1889.
