3496 5482
287 705 288 709 '
328 699 538 780 CAPUT
568 697 887 780 DECIMUM
919 701 1241 816 QUINTUM.

155 859 474 958 Quamquam
514 857 697 937 modus
736 855 914 938 efficax
959 860 1234 943 reducendi
1280 865 1408 947 illud

206 980 437 1058 centrum
458 975 667 1056 firmum
687 977 880 1092 ordinis
895 979 1094 1061 socialis
1114 981 1167 1061 in
1187 985 1412 1065 consiliis

170 1111 173 1121 ’
208 1095 296 1174 Dei
318 1095 452 1188 latet,
483 1093 689 1192 expedit
715 1101 772 1175 ut
800 1101 1041 1178 monente
1066 1105 1115 1179 et
1142 1101 1411 1184 minitante

208 1214 545 1320 Providentia,
559 1215 715 1295 homo
730 1216 935 1316 arripiat
954 1219 1183 1300 medium
1203 1222 1300 1302 hoc
1320 1223 1414 1304 sai·

205 1335 359 1416 vandi
378 1334 670 1416 societatem
690 1339 740 1416 et
758 1335 969 1417 consilia
988 1336 1123 1421 ineat
1140 1339 1205 1421 de
1228 1360 1411 1421 execu-

204 1454 344 1534 tione
362 1452 654 1535 necessaria.

196 1737 226 1796 1.
251 1735 448 1818 innumeri
475 1737 625 1793 exstant
647 1735 751 1794 modi
777 1735 916 1808 quibus
945 1735 1186 1796 Providentia
1212 1736 1414 1801 efficaciter

158 1834 413 1905 principatum
428 1832 577 1891 civilem
596 1833 630 1892 S.
644 1833 750 1894 Sedis
765 1836 976 1893 restaurare
992 1835 1103 1894 valet.
1115 1868 1155 1878 —
1166 1836 1200 1896 2.
1217 1838 1287 1896 Per
1297 1852 1413 1898 cona-

156 1937 216 1991 tus
224 1936 373 1990 nostros
382 1931 471 1990 huic
481 1933 586 2003 operi
596 1931 861 1992 adlaboremus
871 1932 1012 1991 utendo
1024 1933 1160 2010 medlo,
1174 1937 1277 2008 quod
1287 1939 1413 2010 potius

154 2031 237 2103 paci
248 2035 285 2089 et
294 2029 418 2089 ordini
429 2025 540 2106 iavet,
554 2043 623 2090 nec
637 2030 803 2089 nitamur
814 2030 852 2088 vi
862 2035 1017 2105 armata,
1030 2036 1072 2090 ut
1082 2032 1161 2103 ipse
1171 2039 1299 2094 censet
1312 2036 1413 2096 Pon-

156 2127 300 2188 tifex.÷
313 2129 504 2202 &Triplex
513 2128 652 2187 exinde
663 2128 873 2198 assignatur
884 2128 1030 2204 moduS,
1042 2130 1109 2188 sed
1122 2132 1160 2189 in
1172 2136 1410 2195 antecessum

150 2227 239 2300 jura
253 2231 353 2284 sarta
368 2231 540 2299 tectaque
552 2230 750 2284 maneant:
766 2225 975 2303 foederatio,
989 2239 1093 2286 mera
1109 2231 1237 2305 cessi0,
1255 2237 1412 2292 neutra-

155 2323 291 2384 iizatio.
302 2324 388 2382 -4,
402 2325 568 2386 conatus
585 2326 703 2383 nostri
719 2323 890 2384 ferantur
906 2326 944 2389 in
960 2329 1258 2400 oppugnandum
1269 2339 1410 2393 sectam

157 2423 405 2481 Massonicam
422 2427 460 2480 et
474 2422 741 2480 socialismum.
754 2455 794 2465 -
805 2421 838 2482 5.
856 2423 898 2480 Et
914 2422 1037 2495 primo
1049 2425 1241 2497 quomodo
1256 2428 1412 2486 asocia-

156 2520 265 2582 ilsmo
280 2522 502 2582 removendi
517 2522 646 2580 sint-
669 2522 788 2580 adulti
807 2521 1042 2592 -juventus
1056 2558 1097 2567 -
1121 2523 1249 2583 tideles
1268 2539 1410 2587 omnes.

154 2656 195 2665 -
209 2622 242 2682 6.
261 2622 305 2679 Et
329 2626 510 2693 praeterea
535 2621 727 2694 quomodo
742 2624 914 2692 oporteat
929 2620 1078 2691 aggredi
1099 2621 1254 2694 impiam
1270 2629 1409 2683 sectam

158 2721 377 2781 massonum
389 2719 428 2778 in
443 2720 621 2789 omnibus
636 2718 852 2789 regionibus
879 2719 1085 2793 catholicis
1104 2733 1170 2792 per
1191 2733 1412 2793 congressus

154 2832 317 2893 quorum
334 2821 524 2893 specimen
541 2824 596 2878 est
611 2831 831 2890 congressus
842 2819 1155 2878 antimassonicus
1168 2821 1413 2882 Tridentinus

159 2920 259 2981 1896.
276 2954 316 2963 —
340 2921 372 2980 7.
400 2920 605 2983 continuas
620 2935 772 2994 quoque
796 2920 949 2992 expedit
965 2922 1253 2980 reclamationes
1275 2920 1414 3008 efferre

156 3021 194 3076 ln
211 3019 371 3078 coetibus
396 3023 434 3078 et
455 3019 765 3079 associationibus
787 3018 991 3077 catholicis.
1007 3053 1047 3063 -
1063 3023 1098 3083 8.
1126 3020 1171 3077 In
1186 3021 1413 3098 specialibus

155 3118 419 3188 congressibus
432 3117 785 3176 internationalibus
797 3117 923 3175 hacde
935 3130 976 3175 re
991 3118 1260 3177 convocatis-
1268 3119 1302 3180 9.
1319 3120 1414 3179 Tes-

156 3220 286 3274 tantur
294 3216 396 3274 hunc
412 3216 451 3276 in
466 3227 619 3274 sensum
629 3215 702 3273 viri
715 3215 942 3288 peritissimi.
953 3247 992 3259 -
1003 3215 1057 3275 io.
1071 3217 1114 3276 Et
1126 3215 1271 3277 utinam
1290 3217 1412 3276 Patria

156 3320 285 3373 nostra
311 3314 458 3384 Belgica
483 3313 534 3372 ita
548 3315 797 3386 quaestionem
820 3313 1026 3372 Romanam
1053 3326 1277 3386 promovere
1298 3315 1415 3389 possit

157 3418 200 3472 ut
214 3414 351 3472 iterum
366 3415 405 3470 in
416 3413 578 3470 activam
590 3411 848 3485 diplomatiam
861 3412 1083 3484 Europaeam
1095 3412 1212 3472 intret
1227 3417 1262 3472 el
1276 3412 1417 3473 solutio

156 3509 278 3569 detur.
290 3543 330 3553 -
343 3511 389 3569 li.
403 3508 664 3568 Adhibeantur
677 3509 1008 3581 insuperstudium
1025 3513 1062 3568 et
1077 3510 1198 3568 oratio
1213 3511 1261 3569 ad
1282 3510 1417 3584 Deum,
1519 3577 1521 3580 Α

158 3613 195 3666 et
209 3608 315 3682 prius
339 3608 508 3667 studium
528 3607 720 3666 assiduum
740 3607 959 3679 quaestionis
974 3607 1122 3668 socialis
1152 3608 1361 3680 praesentis.
1380 3640 1419 3650 -

159 3705 214 3767 12.
230 3705 358 3768 Oratio
382 3703 643 3765 fervidissima.
666 3737 706 3748 -
729 3704 781 3764 13.
803 3704 880 3766 Sub
896 3706 998 3764 omni
1016 3704 1147 3782 forma,
1166 3709 1208 3764 ut
1223 3709 1333 3763 antea
1353 3705 1418 3763 in-

158 3805 317 3865 choante
333 3806 549 3879 captivitate
566 3804 621 3863 Pii
638 3804 703 3863 lx.
720 3835 760 3846 -
777 3803 831 3862 14.
849 3803 1051 3877 Exemplar
1065 3802 1354 3876 deprecationis.

213 4094 240 4152 l.
271 4079 306 4152 N
312 4105 360 4155 on
373 4097 473 4154 certe
491 4079 627 4154 desunt
643 4077 743 4152 modi
759 4078 942 4153 innumeri
956 4079 1092 4177 quibus
1110 4078 1291 4177 providus
1308 4078 1416 4153 Deus
1478 4109 1482 4115 ·

160 4199 213 4272 uti
232 4217 356 4295 potest
375 4198 601 4294 utaspiratic
621 4196 699 4270 haec
713 4197 808 4296 juris
826 4215 864 4271 et
881 4197 1068 4295 aequitatis
1092 4222 1134 4270 ac
1152 4197 1261 4294 proin
1277 4213 1416 4271 restau-

161 4315 254 4389 ratio
294 4315 525 4413 Principatus
547 4315 666 4389 civilis
696 4315 808 4413 Papae
843 4314 1043 4389 efficaciter
1070 4313 1281 4389 executioni
1315 4338 1418 4387 man·

161 4433 280 4509 detur.

215 4553 317 4627 Loco
329 4553 912 4630 nostrarumadducanturaDeo
925 4580 1033 4628 novae
1044 4570 1178 4653 gentes
1191 4551 1411 4642 Slavonicae‚

162 4696 246 4769 quae
265 4672 295 4744 si
316 4673 437 4746 minus
457 4671 639 4746 violenter
652 4698 764 4770 quarn
779 4673 866 4747 olim
882 4673 1061 4758 barbarae,
1077 4690 1135 4745 ast
1153 4689 1255 4745 certe
1274 4669 1418 4746 sortiter
