3496 5482
693 555 816 606 canuc
843 555 1034 606 nacrnun.
1100 525 1103 530 ’
1422 547 1493 620 237

242 655 516 666 ————-——.—

241 712 337 786 inter
355 713 585 786 anarchistas
610 739 657 787 ex
676 738 750 786 una
768 732 875 809 parte
893 731 930 787 et
958 714 1228 787 monarchistas
1263 708 1496 786 constitutio·
1614 716 1615 720 ’

242 828 344 904 nales
359 856 406 905 ex
425 830 573 905 altera?
606 829 820 925 Quemnam
839 830 1068 907 deliberandi
1100 832 1252 906 modum
1280 842 1497 905 tenerentur

241 974 325 1021 curn
336 948 439 1023 hisce
450 974 641 1024 assumere
659 948 673 1021 ?

288 1067 470 1165 Denique
489 1067 626 1164 positio
645 1066 816 1141 factionis
840 1068 1032 1142 catholicae
1063 1067 1247 1142 difficilior
1265 1083 1364 1142 esset
1385 1067 1421 1139 in
1441 1092 1496 1143 re·

240 1209 318 1286 gno
341 1184 457 1259 ltaliae
475 1211 587 1283 quarn
608 1186 644 1258 in
656 1184 730 1258 ulla
748 1184 819 1259 alia
840 1187 1012 1261 natione:
1032 1213 1116 1260 nam
1131 1188 1309 1262 Summus
1324 1184 1496 1259 Pontifex

181 1391 184 1396 ,
242 1302 397 1378 deberet
410 1329 494 1378 esse
512 1322 623 1400 caput
642 1304 722 1402 ejus
741 1304 931 1400 spirituale
951 1323 988 1380 et
1004 1305 1155 1402 insuper
1172 1304 1280 1383 civile
1296 1303 1496 1390 ;deberent
1516 1356 1520 1362 -

242 1439 421 1516 praeterea
449 1421 620 1495 catholici
651 1421 794 1520 legiferi
826 1421 964 1495 nullum
997 1447 1071 1495 non
1096 1448 1249 1497 movere
1274 1420 1437 1517 lapidem
1458 1438 1496 1492 ut

163 1555 166 1559 ’
242 1538 489 1614 instaurarent
525 1539 672 1614 civilem
705 1539 896 1614 Pontificis
932 1541 1409 1638 Principatum;deberent
1446 1537 1522 1612 ita»

242 1655 369 1740 haberi
389 1656 550 1756 amultis
577 1657 722 1731 civibus
741 1676 930 1756 tamquam
950 1659 1202 1735 destructores
1220 1657 1329 1733 simul
1344 1655 1496 1729 unitatis

246 1773 364 1848 Italiae
381 1793 418 1849 et
446 1776 662 1851 liberatores
685 1777 819 1850 Patriae
851 1777 978 1874 sicque
1005 1777 1041 1850 in
1070 1778 1196 1851 odium
1222 1779 1351 1853 venire
1379 1774 1497 1846 omni-

243 1893 313 1967 bus
332 1892 387 1992 (¹)
529 1883 532 1887 ’

294 2011 361 2091 Sin
380 2030 505 2088 autem
526 2011 615 2086 nihil
628 2032 784 2112 agerent
801 2014 836 2086 in
857 2013 1023 2088 savorem
1040 2014 1168 2088 Sancti
1195 2015 1324 2102 Patris
1341 2043 1497 2115 quomo·

242 2132 291 2211 do
310 2150 350 2204 ut
368 2131 521 2230 genuini
541 2131 712 2206 catholici
738 2149 984 2206 tractarentur
1002 2159 1024 2206 a
1043 2132 1215 2208 fidelibus
1245 2133 1398 2210 aliarum
1435 2163 1497 2212 na·

196 2285 198 2290 ·
244 2252 469 2331 tionum?Et
489 2253 603 2349 siper
615 2251 857 2351 impossibile,'
864 2253 1061 2351 quaestioni
1078 2255 1259 2329 Romanae
1278 2255 1363 2330 finis
1383 2257 1498 2355 impo-

243 2388 393 2445 neretur
419 2390 532 2467 atque
562 2364 699 2445 solutio
737 2371 772 2444 in
809 2388 909 2446 coetu
939 2397 1048 2446 mere·
1081 2372 1221 2460 Italico,
1245 2373 1498 2451 characterem

243 2515 361 2576 suum,
379 2490 436 2563 cui
456 2508 535 2563 tota
549 2489 630 2587 ejus
648 2489 704 2563 vis
722 2508 759 2563 et
779 2491 891 2564 robur
906 2491 1012 2576 inest,
1030 2491 1217 2567 amitteret
1232 2493 1499 2568 z'ntcrnatr'ona·

187 2663 192 2670 -
243 2610 373 2694 litatur,
396 2627 432 2683 et
448 2632 548 2681 novo
566 2625 745 2706 surgente
758 2608 939 2705 regimine
954 2609 1088 2683 iterum
1113 2628 1227 2707 atque
1245 2611 1378 2685 iterum
1395 2637 1498 2687 rena·

244 2745 544 2802 scereturcausa.
567 2727 739 2800 Tandem
758 2727 849 2800 sorti
876 2753 954 2800 suae
985 2726 1214 2825 relinquatur
1241 2754 1417 2825 perversa
1437 2729 1498 2803 illa

243 2846 392 2942 politica
427 2843 587 2918 societas
607 2861 644 2918 et
664 2862 703 2917 ut
731 2843 863 2917 fluctus
882 2847 1126 2920 tumescentis
1157 2845 1269 2920 maris
1296 2865 1438 2923 crescet
1464 2848 1500 2920 in

247 2963 353 3037 ltalia
372 2982 525 3062 egestas
537 2962 684 3058 publica
700 2988 833 3047 rerum,
849 2965 1046 3060 pauperies
1069 2982 1107 3038 et
1125 2982 1205 3037 atra
1231 2965 1388 3040 miseria.
1407 2965 1499 3060 Qui·

245 3083 400 3156 busnam
419 3082 512 3155 vitio
549 3099 716 3155 vertetur
734 3081 748 3155 ?
766 3126 816 3136 —
837 3081 1010 3156 Profecto
1036 3107 1109 3156 non
1130 3082 1246 3169 nobis,
1262 3083 1348 3181 jure
1367 3085 1501 3158 merito

225 3215 228 3221 ’
244 3219 419 3298 poterunt
439 3199 666 3295 respondere
678 3186 849 3272 catholici
864 3225 872 3286 ;
890 3224 1005 3296 quum
1029 3225 1076 3274 ne
1091 3201 1230 3274 minina
1243 3202 1396 3298 quidem
1415 3226 1501 3299 pars

243 3319 415 3419 gubernii
448 3335 486 3394 et
506 3318 593 3390 boni
612 3317 754 3414 publici
774 3318 911 3391 nostris
930 3317 1095 3393 humeris
1108 3318 1218 3394 luerit
1237 3319 1421 3415 imposita.

297 3438 416 3513 Caute
434 3436 601 3540 proinde,
622 3436 812 3531 sapienter
838 3461 881 3509 ac
905 3434 1103 3510 salubriter
1130 3433 1321 3511 catholicis
1356 3437 1501 3513 civibus

245 3557 501 3653 imposuerunt
519 3553 722 3628 Pontifices
742 3553 831 3626 illud
845 3563 921 3627 veto
941 3553 1055 3629 relate
1074 3555 1121 3628 ad
1140 3554 1342 3630 electiones
1355 3555 1501 3654 legisla-

246 3676 340 3749 tivas
362 3704 369 3762 ;
389 3693 426 3749 et
453 3673 629 3770 quoniam
658 3698 725 3768 per
756 3698 797 3746 se
824 3672 980 3747 evidens
1005 3692 1075 3761 est,
1111 3673 1212 3769 quod
1249 3675 1299 3747 ita
1334 3675 1501 3771 privatur

245 3793 477 3867 Gubernium
499 3790 613 3864 sulcro
636 3817 705 3865 suo
732 3789 969 3875 solidissimo,
996 3790 1186 3887 quomodo
1216 3791 1278 3864 diu
1302 3816 1499 3868 conserva·

245 3930 345 3986 retur
364 3910 578 3984 monarchia
605 3910 675 3983 ista
703 3910 784 3983 sine
803 3907 990 3983 elemento
1009 3909 1281 3995 conservativo,
1295 3908 1415 3982 nullus
1442 3934 1500 3983 est
1526 3993 1529 4000 7
1548 3938 1551 3945 ·

245 4030 308 4128 qui
336 4029 472 4101 videat.

296 4161 329 4222 9.
355 4146 565 4242 Perspectis
590 4145 701 4244 igitur
726 4144 893 4232 miseriis,
915 4150 999 4240 quae
1019 4170 1066 4218 ex
1085 4143 1255 4218 abnormi
1287 4142 1500 4220 conditione

249 4252 438 4338 Pontificis
459 4264 605 4337 Summi
633 4284 671 4337 et
698 4263 858 4336 insoluta
893 4263 1101 4359 quaestione
1123 4264 1295 4337 Romana
1324 4263 1501 4336 continuo

246 4384 485 4457 societatibus
518 4381 734 4478 impendere
765 4379 949 4467 videntur,
972 4405 1046 4453 non
1077 4406 1171 4477 opus
1200 4398 1257 4455 est
1287 4397 1325 4454 ut
1352 4378 1500 4478 longius

286 4632 306 4669 1.
324 4619 367 4670 De
381 4617 408 4670 la
421 4618 502 4684 Vega
515 4616 551 4673 de
561 4614 677 4684 Armijo.
688 4615 741 4667 Les
754 4614 889 4666 relations
900 4620 979 4667 entre
989 4615 1014 4666 le
1026 4615 1059 4667 S.
1074 4613 1155 4683 Sr'lge
1163 4619 1191 4666 el
1202 4614 1228 4665 le
1240 4626 1374 4681 royaume
1382 4609 1503 4680 dltalrk,

248 4715 275 4766 P·
290 4710 331 4763 30·
