3496 5482
78 2337 80 2341 ‘
143 2383 144 2386 ψ
246 2335 404 2436 meren

243 448 482 462 -ᾕξ-ᾖ-
490 457 614 463 ..ἡὴ-η,
623 459 668 464 m„—
685 458 747 463 —-.„
761 457 929 463 ..—-............
939 455 1496 465 ...-————.......——...-——...-.

696 519 818 569 curor
845 486 1035 570 ocr'xvulr.
1431 522 1498 592 193

244 616 342 626 ——.

269 717 270 720 ¹
296 688 316 714 “
337 678 601 756 Obtenderant
620 683 782 778 quidem,
813 682 932 784 inquit
954 683 1138 770 Pontifex,
1159 685 1386 778 interversos
1406 685 1499 759 redi·

224 811 314 881 tus,
336 798 481 873 maleve
508 798 649 873 locatos
665 829 672 886 ;
687 801 754 874 sed
781 799 844 873 lux
864 800 1043 887 veritatis
1066 801 1165 876 unde
1193 803 1345 877 minime
1363 803 1499 877 voluis·

243 931 336 1001 sent,
367 917 498 1015 erupit.
520 917 695 991 Instituta
726 917 774 992 de
797 912 1122 993 administratione
1146 921 1304 1017 quaestio
1331 922 1499 995 crimina·

244 1031 384 1107 tionem
399 1034 496 1110 ‘salso
510 1036 707 1110 confictam
727 1036 923 1133 splendide
951 1037 1127 1112 refutavit
1147 1037 1191 1138 (ι)
1206 1040 1237 1113 .”

298 1150 438 1226 lterum
458 1154 506 1228 de
525 1153 609 1253 lege
627 1155 696 1229 ista
716 1172 792 1227 tam
818 1155 1024 1229 antisociali
1043 1181 1155 1254 quam
1179 1157 1305 1254 iniqua
1323 1176 1361 1232 et
1375 1157 1497 1255 impia,

246 1266 325 1341 haec
354 1289 511 1346 testatur
528 1273 606 1347 Leo
626 1273 731 1346 Xlll
751 1300 758 1346 :
780 1283 800 1311 ⁴‘
824 1273 904 1346 Lex
923 1272 970 1346 de
990 1274 1060 1370 piis
1078 1275 1253 1370 operibus
1271 1301 1337 1350 seu
1357 1277 1499 1365 institu-

245 1385 301 1472 tis,
328 1413 402 1485 qua
432 1408 551 1466 totum
572 1392 796 1465 christianae
816 1391 1008 1467 charitatis
1036 1394 1310 1489 patrimonium,
1344 1419 1499 1468 avorum

245 1505 383 1601 pietate
398 1527 435 1583 et
455 1509 636 1608 religione
654 1505 724 1583 sub
743 1510 875 1583 umbra
892 1529 930 1585 et
949 1511 1182 1608 protectione
1204 1511 1396 1587 Ecclesiae
1415 1537 1500 1586 con·

242 1643 403 1720 gestum,
424 1628 472 1701 ab
492 1628 599 1702 huius
617 1628 838 1703 auctoritate
857 1648 894 1703 et
913 1629 1234 1704 administratione
1270 1630 1499 1704 subtractum

140 1784 141 1787 =
245 1742 321 1828 suit,
339 1743 412 1817 iam
424 1745 565 1844 aliquot
579 1747 687 1850 annis
702 1764 789 1821 ante
802 1747 837 1820 in
857 1740 1099 1822 ‘Massonicae
1114 1749 1501 1825 sectaeconventibus

232 1859 433 1958 ¹proposita
458 1865 576 1939 luerat
595 1892 637 1939 ac
649 1883 797 1951 statuta,
820 1866 888 1939 hac
916 1867 1083 1963 prolecto
1101 1866 1149 1940 de
1167 1892 1307 1954 caussa,
1327 1867 1429 1964 quod
1457 1893 1501 1940 ea

244 1979 303 2057 lex
319 2006 455 2055 novam
479 1983 673 2058 Ecclesiae
694 1984 864 2057 iniuriam
882 1984 1014 2059 afferre
1033 1984 1206 2071 debebat,
1227 1983 1402 2060 socialem
1422 1985 1508 2084 eius

244 2100 502 2175 auctoritatem
523 2103 699 2189 minuere,
721 2128 973 2201 magnamque
992 2101 1199 2201 legatorum
1221 2103 1308 2188 vim,
1324 2103 1502 2198 impensis
1602 2112 1605 2117 ⁴

176 2278 179 2283 .
244 2243 312 2312 pro
341 2217 517 2317 religioso
553 2221 652 2296 cultu
689 2221 917 2296 sustinendis
941 2221 1179 2308 destinatam,
1218 2220 1388 2297 absolute
1417 2221 1512 2294 dirt·

432 2338 449 2364 ,‚
1572 2338 1575 2345 .

298 2470 353 2532 14.
369 2459 483 2534 Plane
502 2459 690 2532 conscium
710 2476 777 2545 est,
796 2484 863 2532 nec
882 2458 1062 2535 diffitetur
1075 2458 1298 2558 gubernium
1316 2457 1502 2532 Massoni·

244 2574 328 2650 cum
347 2603 530 2651 summam
546 2577 718 2676 injuriam
737 2578 785 2650 ab
801 2576 908 2676 ltalia
926 2578 963 2651 in
991 2578 1232 2676 usurpatione
1261 2577 1511 2654 commissam,

245 2721 287 2768 ac
307 2696 343 2769 in
366 2695 583 2771 detentione
604 2696 771 2770 Dominii
792 2696 1007 2793 temporalis
1027 2697 1177 2771 Sanctae
1197 2695 1308 2770 Sedis
1323 2694 1502 2768 continuo

245 2815 519 2911 perdurantem.
530 2825 550 2853 ‘⁴
567 2815 642 2888 Res
661 2813 795 2888 clamat
806 2814 852 2887 ad
868 2814 1061 2888 dominum
1077 2814 1105 2901 '',
1120 2833 1157 2896 et
1170 2800 1318 2910 torquet
1337 2812 1502 2885 animum

245 2933 441 3027 praedonis.
475 2933 548 3006 Ast
581 2933 755 3029 cupidum
786 2958 972 3006 remorsus
1001 2932 1245 3031 extinguendi
1278 2931 1349 3004 sub
1381 2929 1503 3026 poenis

244 3050 475 3147 gravissimis
512 3050 700 3147 prohibuit
730 3077 776 3125 ne
814 3077 925 3125 causa
958 3076 1121 3148 unquam
1156 3052 1192 3124 in
1229 3048 1499 3123 discussionem

245 3189 448 3244 vocaretur.
470 3168 599 3243 Edidit
613 3169 712 3242 enim
735 3168 858 3267 legem
873 3195 947 3266 qua
967 3169 1022 3242 vir
1036 3167 1311 3243 ecclesiasticus
1328 3163 1497 3263 quilibet,

245 3287 381 3385 aPapa
401 3289 584 3384 usquead
604 3287 781 3361 humilem
801 3287 1086 3370 seminaristam,
1112 3287 1175 3383 qui
1196 3285 1343 3383 publice
1360 3282 1501 3380 aliquid
1535 3391 1538 3396 ‚

245 3409 353 3483 dictis
368 3409 427 3484 vel
446 3409 552 3483 sactis
581 3409 734 3482 auderet
756 3409 792 3482 in
807 3408 973 3511 'savorem
994 3408 1108 3506 hujus
1130 3403 1308 3493 Dominii‚
1324 3403 1502 3479 mulctan-

244 3531 314 3602 dus
333 3530 381 3603 sit
398 3547 435 3604 et
456 3529 661 3604 reclusione
688 3531 798 3604 trium
826 3554 1009 3602 annorum
1030 3529 1246 3609 incarcere
1273 3546 1432 3625 peracta,
1464 3543 1501 3599 et

246 3647 381 3720 mulcta
409 3672 507 3740 3000
542 3648 700 3732 litatum,
723 3667 760 3721 et
787 3665 968 3744 perpetua
1000 3647 1211 3745 privatione
1238 3646 1285 3719 ab
1306 3645 1407 3718 omni
1440 3644 1499 3717 be·
1600 3725 1603 3732 .

245 3765 386 3839 neficio
434 3767 515 3840 Lex
544 3793 633 3841 vere
674 3765 942 3862 exceptionalis
968 3785 1097 3839 contra
1131 3763 1281 3850 clerum,
1321 3762 1382 3835 lex
1416 3786 1505 3834 vere

245 3885 369 3957 animo
384 3885 632 3982 persequendi
660 3886 802 3959 sancita
824 3902 860 3957 et
885 3885 999 3982 digna
1021 3885 1150 3980 utique
1165 3882 1314 3980 Juliano
1333 3897 1505 3977 apostata

244 4020 306 4075 aut
324 3995 462 4076 crudeli
480 4002 676 4076 Elisabeth
693 4001 856 4101 Angliae,
874 4028 948 4100 qua
975 4028 1111 4099 nempe
1131 4021 1321 4097 tamquam
1342 3997 1505 4071 facinora

227 4119 431 4194 ¹habentur
448 4120 623 4217 ipsissimi
653 4141 758 4196 actus
785 4121 848 4216 qui
868 4120 967 4194 clero
991 4138 1077 4193 sunt
1095 4143 1238 4193 sacram
1267 4115 1420 4191 inisterii
1449 4110 1523 4187 sui'

246 4237 391 4311 officia!

296 4355 374 4430 Sed
394 4375 430 4430 et
449 4355 540 4441 laici,
556 4357 618 4453 qui
637 4358 674 4430 in
691 4358 865 4431 Romana
884 4357 1093 4454 quaestione
1108 4381 1191 4430 sese
1215 4353 1384 4430 Pontifici
1405 4351 1506 4427 savo-

289 4602 308 4640 1.
325 4589 381 4640 Leo
396 4589 484 4654 x111,
500 4589 602 4655 Alloc.‚
622 4590 838 4658 Tempestivum,
852 4605 886 4656 30
900 4591 971 4642 Dec.
988 4590 1060 4656 1889.

286 4681 308 4720 2.
326 4667 416 4736 Epist.
432 4668 467 4719 ad
486 4668 593 4735 Episc.‚
608 4669 680 4722 Cler.
695 4679 721 4722 et
737 4685 801 4738 pop.
818 4669 880 4722 Ital.
899 4681 928 4736 15
944 4669 1006 4723 Oct.
1026 4671 1100 4735 1890.

301 4785 359 4834 Papa
372 4784 399 4824 sit
413 4797 450 4825 rex
465 4785 550 4827 Romae.
