3496 5482
255 487 713 500 ffl.--.--.-.-—--—n
750 486 830 491 -‹·—--
845 487 848 491 .
865 488 868 491 .

491 550 613 602 CAPUT
639 549 818 600 DECIMUM
847 550 1047 613 QUARTUM.
1330 550 1403 621 319

146 659 367 672 -.---.--
377 660 386 665 -
400 658 521 664 ---------·-v
537 657 594 662 ---·-<
603 656 646 661 -·-

201 718 273 790 Pro
288 714 333 789 iis
351 737 443 812 ergo
455 711 492 785 in
505 735 545 785 re
560 709 689 783 morali
701 725 739 783 et
751 707 901 806 politica
913 710 1020 783 sicuti
1042 710 1079 783 in
1094 710 1205 785 rebus
1225 706 1400 782 naturali·

148 835 217 910 bus
231 834 382 909 daretur
413 827 624 906 necessario
647 828 769 903 fluxus
788 845 826 903 et
845 828 1017 916 refluxus,
1035 829 1130 905 sicut
1163 829 1199 904 in
1229 827 1402 901 fluctibus

149 951 270 1030 maris.

198 1071 272 1145 Ast
296 1068 376 1143 haec
394 1085 451 1143 est
466 1066 526 1142 lex
546 1083 690 1141 tantum
711 1065 822 1141 rebus
842 1065 1071 1140 naturalibus
1090 1084 1128 1141 et
1148 1063 1404 1140 irrationabili·

147 1191 217 1266 bus
253 1187 429 1286 imposita
455 1183 717 1284 quammultis
746 1185 882 1259 abhinc
900 1183 1046 1259 saeculis
1066 1185 1193 1259 docuit
1220 1181 1405 1259 Ecclesia·

147 1328 234 1396 stes,
256 1308 413 1407 loquens
428 1305 476 1379 de
496 1325 627 1380 natura
647 1303 802 1402 physica
822 1330 945 1380 rerum
965 1327 972 1378 :

199 1436 219 1465 ‘⁶
232 1423 438 1500 Generatio
465 1422 631 1521 praeterit
649 1440 688 1497 et
702 1423 898 1522 generatio
916 1423 1091 1498 advenit:
1109 1440 1208 1497 terra
1222 1437 1348 1495 autem
1368 1417 1405 1492 in

148 1561 329 1618 aeternum
361 1542 457 1617 stat!

200 1661 363 1738 “Oritur
381 1658 436 1735 sol
456 1676 493 1734 et
507 1658 644 1734 occidit
658 1675 696 1732 et
709 1658 756 1732 ad
772 1659 893 1733 locum
913 1685 1021 1734 suum
1042 1658 1242 1734 revertitur
1260 1654 1407 1753 :ibique

148 1806 347 1857 renascens
365 1797 474 1880 gyrat
493 1803 560 1876 per
578 1778 771 1853 meridiem
787 1795 825 1853 et
845 1778 1004 1854 flectitur
1022 1780 1069 1854 ad
1088 1777 1303 1878 aquilonem
1322 1799 1330 1861 ;

198 1912 220 1941 “
238 1902 419 1976 Lustrans
438 1899 614 1972 universa
631 1897 836 1972 incircuitu
855 1899 978 2000 pergit
994 1900 1155 1998 spiritus,
1176 1916 1213 1974 et
1233 1896 1270 1970 in
1290 1892 1406 1966 circu·

147 2021 202 2095 los
221 2046 310 2096 suos
329 2019 538 2096 revertitur.

86 2238 88 2242 Ι
155 2177 161 2191 ·
200 2139 375 2214 “Omnia
394 2136 546 2211 flumina
565 2138 703 2212 intrant
722 2138 759 2212 in
779 2164 891 2226 mare,
912 2156 950 2213 et
970 2165 1071 2214 mare
1092 2164 1166 2213 non
1197 2139 1408 2214 redundat:

147 2259 195 2333 ad
209 2257 341 2344 locum,
360 2257 459 2331 unde
478 2274 617 2332 exeunt
632 2256 794 2344 flumina,
809 2276 1047 2338 revertuntur
1067 2276 1107 2332 ut
1126 2258 1261 2332 iterum
1279 2257 1405 2331 fluant.

202 2388 222 2416 ‘⁶
243 2377 345 2472 Quid
364 2392 422 2450 est
448 2374 550 2472 quod
569 2373 668 2450 suit?
685 2377 807 2473 ipsum
826 2377 926 2474 quod
947 2376 1109 2450 futurum
1133 2393 1201 2451 est.

199 2506 220 2535 “
240 2495 343 2590 Quid
361 2512 419 2568 est
437 2494 538 2590 quod
554 2492 691 2568 sactum
711 2493 799 2569 est?
819 2495 940 2593 ipsum
958 2496 1060 2594 quod
1079 2494 1291 2570 iaciendum
1308 2512 1376 2568 est.

201 2624 224 2654 ‘⁶
244 2612 348 2688 Nihil
364 2612 433 2686 sub
448 2610 526 2687 sole
546 2637 694 2700 novum,
705 2639 774 2687 nec
792 2612 892 2691 valet
909 2615 1106 2713 quisquam
1126 2614 1251 2688 dicere
1269 2636 1276 2685 :
1299 2611 1400 2686 Ecce

148 2733 218 2808 hoc
237 2757 367 2808 recens
381 2731 457 2805 est!
476 2775 525 2786 —
544 2731 628 2828 jam
647 2731 747 2806 enim
766 2733 956 2830 praecessit
977 2732 1013 2807 in
1038 2731 1182 2807 saeculis
1210 2754 1295 2830 quae
1325 2726 1402 2803 sue·

148 2871 234 2928 runt
252 2870 339 2927 ante
359 2876 426 2925 nos
441 2850 496 2951 (¹).
513 2849 533 2878 '⁵

200 2971 273 3058 Sic,
292 2995 413 3070 genus
435 2968 638 3044 humanum
667 2970 913 3070 subjiceretur
943 2970 1088 3071 legibus
1119 2971 1403 3064 inflexibilibus,

149 3089 277 3164 ferreis
295 3107 334 3163 et
351 3086 475 3176 aeneis‚
497 3087 604 3162 sicuti
625 3107 756 3162 natura
769 3088 980 3163 materialis.

200 3207 277 3282 Sed
296 3207 327 3281 si
351 3206 422 3281 hoc
440 3206 698 3280 admitteretur
716 3207 889 3306 augurari
915 3207 1067 3305 quidem
1106 3234 1315 3306 possemus,
1335 3210 1406 3286 sai·

148 3345 225 3401 tem
256 3351 324 3422 pro
353 3343 531 3421 tempore,
559 3325 866 3398 restaurationem
890 3324 1057 3398 Dominii
1091 3329 1328 3426 temporalis;
1350 3347 1408 3404 ast

150 3443 249 3519 nulla
267 3443 386 3518 oratio
417 3441 596 3528 iacienda,
628 3441 750 3516 nullus
768 3460 923 3517 conatus
949 3465 1049 3519 esset
1086 3446 1323 3523 adhibendus
1359 3448 1407 3522 ad

148 3579 325 3638 eventum
345 3560 603 3658 promendum.
625 3560 709 3634 Stat
729 3584 796 3658 pro
815 3561 869 3635 eis
883 3562 946 3659 jus
966 3561 1052 3636 facti
1067 3565 1254 3664 completi,
1283 3584 1410 3642 cetera

150 3682 227 3756 sato
246 3680 512 3777 relinquuntur.

203 3798 255 3899 C)
273 3798 403 3872 Tertia
421 3796 530 3870 datur
547 3792 675 3870 schola
693 3793 904 3883 christiana,
921 3796 1030 3871 unice
1051 3825 1150 3874 vera.

204 3918 258 3992 Hi
281 3935 462 4016 praeterea
486 3915 610 3989 Deum
631 3914 787 3988 credunt
817 3939 901 3989 esse
920 3915 1119 4012 providum
1139 3943 1181 3993 ac
1214 3921 1407 4017 praedesti·

153 4055 303 4112 nantem
323 4035 514 4110 hominem
541 4031 588 4106 ad
614 4033 784 4108 ordinem
808 4032 1005 4106 sublimem
1035 4032 1223 4111 filiationis
1256 4038 1405 4115 divinae.

155 4155 297 4229 Primas
322 4153 473 4251 quidem
491 4172 617 4252 partes
646 4153 841 4253 assignant
857 4153 942 4227 Deo
957 4153 994 4226 in
1008 4154 1281 4252 gubernatione
1303 4183 1407 4231 mun-

152 4274 209 4349 di:
234 4285 254 4314 ‘⁸
273 4273 367 4348 sicut
399 4273 602 4348 divisiones
632 4298 823 4371 aquarum,
846 4272 896 4346 ita
925 4297 989 4346 cor
1020 4271 1118 4369 regis
1150 4289 1207 4346 est
1227 4272 1264 4345 in
1297 4298 1408 4347 manu

157 4391 327 4467 Domini:
346 4416 583 4488 quocumque
609 4389 778 4477 voluerit,
801 4389 991 4463 inclinabit
1010 4388 1098 4462 illud
1114 4385 1159 4489 (²)
1175 4389 1191 4417 ’⁹
1209 4416 1217 4476 ;
1242 4390 1410 4487 -quod

194 4652 215 4690 1.
226 4638 325 4706 Eccle.‚
341 4652 359 4701 1,
372 4652 445 4704 4-ιο.

191 4730 215 4770 2.
229 4717 326 4785 Pron,
337 4730 402 4785 xxr,
421 4732 441 4770 ι.
