3496 5482
523 699 729 782 CAPUT
759 699 1227 782 DUODECIMUM.

246 853 323 935 Ad
351 853 722 935 restitutionem
749 851 972 935 Dominii
1002 854 1047 937 S.
1068 853 1210 937 Sedis
1234 858 1283 935 et
1310 859 1504 936 restau-

300 975 551 1057 rationem
576 973 730 1057 totius
752 973 943 1055 ordinis
973 973 1181 1071 socialis
1212 972 1502 1073 principale,

299 1095 403 1176 imo
417 1100 466 1177 et
484 1095 695 1177 unicum
708 1093 1028 1175 obstaculum
1044 1098 1118 1174 est
1129 1091 1357 1173 malefica
1372 1097 1505 1175 secta

295 1215 602 1294 Massonum.

293 1476 321 1537 l.
339 1477 449 1538 Secta
472 1476 692 1539 Massonica
708 1486 767 1540 est
791 1479 1037 1539 obstaculum
1053 1476 1282 1536 maximum.
1304 1506 1345 1517 -
1366 1475 1402 1536 2.
1421 1477 1506 1536 imo

246 1578 419 1650 primum
446 1580 619 1640 emedio
648 1581 861 1641 tollendum
888 1577 1125 1650 ubicumque
1151 1575 1385 1636 dominatur.
1408 1605 1448 1616 -
1468 1573 1503 1635 3.

247 1674 370 1735 inhiat
399 1675 652 1738 destructioni
673 1678 921 1738 pontificatus
939 1677 1100 1736 Romani
1118 1689 1186 1735 nec
1204 1687 1376 1748 unquam
1392 1673 1507 1733 aliter

249 1779 337 1851 egit,
356 1791 425 1839 nec
441 1784 576 1840 actura
592 1787 662 1841 est.
674 1814 715 1824 —
730 1781 768 1840 4.
786 1778 894 1839 Nihil
909 1779 989 1838 vim
1007 1778 1186 1837 adimunt
1201 1774 1275 1849 ipsi
1292 1774 1505 1835 divisiones

251 1875 458 1937 intestinae.
475 1908 512 1919 -
526 1879 561 1941 5.
580 1880 799 1953 Principale
814 1884 874 1940 est
887 1877 1146 1949 obstaculum,
1159 1877 1211 1935 ita
1227 1880 1270 1935 ut
1285 1874 1360 1935 alia
1377 1874 1504 1947 impe-

249 1971 420 2035 dimenta
438 1977 516 2036 sint
531 1990 637 2037 mere
651 1965 881 2038 secundaria
895 1977 957 2035 vei
970 1976 1182 2049 nulia‚utv.
1194 1988 1227 2047 g.
1239 1973 1369 2033 unitas
1382 1969 1504 2042 Regni

247 2071 385 2135 italici.
402 2104 442 2115 -
457 2072 490 2134 6.
502 2075 580 2134 lieo
593 2077 681 2149 pius
693 2076 910 2149 impediunt
925 2073 1182 2146 aspirationes
1197 2072 1395 2131 ltaiorum.
1412 2099 1453 2111 -
1467 2070 1504 2130 7.

253 2171 333 2231 lieo
349 2174 480 2246 magni
499 2174 664 2248 Europae
678 2179 913 2246 potentatus.
944 2205 984 2214 -
1010 2172 1047 2233 8.
1064 2168 1087 2200 “
1104 2169 1242 2242 oggeri
1270 2169 1367 2229 solet
1381 2169 1404 2206 ’⁵
1436 2167 1505 2227 sed

252 2270 352 2332 falso
380 2275 664 2345 praetextentur
689 2270 930 2332 incommoda
956 2269 1184 2330 adventura.
1212 2299 1250 2310 —
1273 2267 1308 2329 9.
1331 2265 1439 2325 liihii
1455 2279 1506 2326 ex

251 2370 495 2430 restitutione
526 2373 697 2444 patietur
727 2383 841 2432 verus
870 2381 1099 2442 progressus
1128 2367 1349 2428 modernus.
1377 2398 1418 2408 -
1449 2364 1505 2424 10.

251 2467 406 2526 Falsum
426 2473 485 2527 est
510 2468 800 2542 aufugiendum.
824 2500 865 2510 —
886 2466 934 2525 il.
952 2467 1114 2527 Unicum
1132 2465 1273 2524 exinde
1297 2461 1373 2522 dici
1390 2461 1507 2523 debet

252 2563 497 2625 obstaculum
524 2567 885 2639 supraassignatum
908 2566 956 2625 ad
987 2564 1310 2624 restaurationem
1341 2562 1447 2635 pacis
1468 2566 1507 2621 et

251 2665 401 2725 ordinis
418 2667 456 2727 in
480 2668 589 2728 ltalia
607 2668 699 2727 etin
716 2670 793 2728 tota
813 2667 999 2727 societate
1013 2664 1247 2726 Christiana.
1259 2693 1297 2705 -
1313 2661 1368 2722 12.
1388 2661 1505 2734 iispl-

256 2765 424 2826 rationes
441 2772 557 2827 sectae
573 2768 826 2827 incarnantur
841 2767 879 2825 in
900 2766 1008 2827 falsis
1025 2762 1349 2824 commotionibus
1368 2762 1504 2822 dema-

252 2863 408 2936 gogicis.
425 2864 530 2926 -13Ι
549 2865 629 2925 Una
646 2865 860 2940 eademque
876 2878 966 2937 ergo
982 2862 1110 2936 agitur
1129 2875 1246 2924 causa
1263 2861 1448 2922 Ecclesiae
1467 2864 1506 2919 et

252 2958 454 3023 societatis
473 2963 601 3025 civilis
613 2964 652 3022 in
666 2960 904 3037 profligenda
921 2968 1024 3022 secta
1044 2966 1082 3022 et
1098 2960 1338 3022 restituendo
1353 2959 1504 3019 Princi-

246 3065 340 3131 patu
357 3061 392 3122 S.
411 3063 531 3123 Sedis.

299 3311 325 3369 i.
357 3296 547 3396 Egregius
575 3298 899 3398 historiographus
931 3300 1070 3375 Leonis
1097 3300 1216 3386 XIII,
1238 3297 1299 3372 ubi
1336 3299 1384 3371 de
1418 3319 1502 3393 spo-

245 3411 396 3488 liatione
429 3416 597 3491 Dominii
628 3418 666 3492 S.
689 3418 800 3493 Sedis
828 3418 999 3516 loquitur,
1029 3421 1114 3518 jure
1149 3418 1357 3512 meritoque
1392 3431 1504 3489 vocat

246 3549 385 3607 sectam
421 3534 674 3610 Massonicam
706 3536 925 3611 “artificem
945 3536 1056 3637 hujus
1084 3536 1213 3611 nefarii
1247 3552 1285 3610 31
1314 3531 1502 3608 infernalis

245 3651 370 3746 operis
389 3651 443 3751 (¹)
466 3654 483 3681 ”

300 3768 449 3845 Exinde
464 3771 761 3847 concludendum
778 3798 861 3848 esse
880 3790 991 3870 patet,
1013 3792 1051 3850 et
1070 3773 1188 3870 ipsam
1202 3771 1280 3846 iore
1299 3769 1501 3844 maximum

246 3886 478 3961 obstaculum
508 3890 555 3963 ad
586 3892 895 3965 restaurationem
911 3892 1005 3988 juris
1035 3910 1072 3966 et
1095 3890 1236 3988 ordinis
1269 3888 1358 3963 laesi.
1382 3887 1434 3961 Et
1463 3912 1503 3961 re

245 4004 398 4100 quidem
418 4032 516 4094 vera,
539 4033 621 4082 eam
641 4009 874 4083 obstaculum
895 4011 1053 4107 primum
1074 4034 1116 4082 ac
1148 4004 1352 4105 principale
1371 4005 1447 4079 imo
1465 4020 1502 4077 31

248 4124 406 4210 unicum,
428 4124 529 4221 quod
550 4127 772 4201 restitutioni
792 4128 995 4224 opponitur
1012 4151 1218 4202 censemus.

297 4243 475 4316 Primum
489 4263 547 4317 est
562 4245 700 4341 quippe
719 4246 831 4342 quod,
846 4273 929 4320 curn
951 4246 1029 4343 ipsa
1048 4245 1106 4330 sit,
1123 4269 1207 4341 quae
1226 4239 1502 4317 lamentabilem

246 4379 423 4435 eventum
443 4361 691 4438 elaboraverit
718 4385 756 4438 et
775 4366 959 4462 usquead
988 4363 1348 4440 consummationem
1370 4360 1503 4457 produ·

247 4479 352 4564 xerit,
385 4480 564 4553 continuo
594 4500 681 4555 nota
700 4499 757 4555 331
789 4499 826 4556 31
845 4482 933 4557 illud
965 4482 1092 4556 fulcire
1112 4481 1254 4556 lacinus
1283 4495 1321 4553 31
1339 4503 1385 4553 eo
1405 4502 1504 4550 nova

284 4660 305 4699 1.
328 4645 365 4698 le
379 4608 644 4718 PaffiloaTYIlI,
658 4667 691 4703 sa
704 4652 757 4716 vie,
776 4668 827 4704 son
840 4651 933 4705 action
952 4652 1106 4719 niddense,
1127 4666 1178 4717 par
1196 4650 1262 4717 Mgr
1274 4649 1310 4702 de
1330 4645 1504 4702 T’Serclaes.

246 4724 291 4779 La
304 4725 587 4798 Franc-mafonmrie
599 4731 828 4802 contemperatae.
842 4733 915 4802 Aug.
930 4730 1054 4800 Onclair‚
1071 4744 1111 4800 13,
1126 4730 1165 4798 11,
1179 4730 1261 4801 chap.
1276 4727 1317 4783 28.
