3496 5482
324 471 701 479 ———.——..——-—-—

320 515 370 586 80
729 533 823 583 nam
849 534 910 583 sir
936 534 1012 583 nux
1041 533 1167 585 uuum.

326 642 447 653 —-—-

317 725 450 801 passus
469 719 535 775 est.
558 700 575 727 ’¹
596 666 776 795 Quinimo
789 721 889 771 anno
903 705 973 793 756
995 699 1216 798 Aistulphus
1235 726 1348 799 quum
1363 702 1482 799 ipsam
1505 703 1577 777 Ur·

318 821 404 894 bem
435 819 595 893 Romam
625 816 769 917 ingenti
800 817 965 892 exercitu
1001 817 1180 918 cingeret,
1204 819 1376 894 Pontifex
1404 820 1575 919 Pipinum

317 937 442 1012 denuo
460 935 669 1010 obtestatus
688 953 745 1009 est
772 933 835 1033 qui
857 934 1060 1022 civitatem,
1083 961 1183 1010 nova
1210 938 1449 1036 expeditione
1468 937 1574 1025 sacta,

317 1053 795 1151 defenderetQuapropter
811 1053 1040 1127 Francorum
1054 1080 1119 1129 rex
1134 1055 1267 1130 iterum
1275 1056 1409 1156 jugum
1422 1054 1575 1153 Alpium

317 1175 508 1274 superavit
535 1193 573 1249 et
591 1200 721 1249 mense
735 1172 876 1272 Aprilis
894 1174 1054 1249 Romam
1073 1173 1254 1250 liberavit.

369 1303 446 1378 Sed
475 1301 621 1376 interim
641 1300 690 1374 ab
712 1300 937 1398 imperatore
964 1301 1385 1401 Constantinopolitano
1408 1302 1576 1402 negotia·

318 1423 420 1497 tione
457 1421 696 1519 diplomatica
726 1439 848 1494 actum
878 1438 936 1495 est
969 1439 1008 1494 ut
1044 1418 1162 1495 Italiae
1197 1421 1389 1519 provincia
1421 1420 1576 1521 imperio

321 1541 529 1638 Byzantino
574 1555 870 1613 conservaretur.
918 1536 1044 1633 Quam
1090 1539 1384 1636 propositionem
1423 1538 1577 1636 Pipinus

319 1660 451 1734 merito
463 1659 647 1734 recusavit
660 1683 821 1733 renuens
837 1658 994 1733 reddere
1005 1683 1070 1731 eas
1092 1658 1429 1757 Longobardorum
1448 1659 1576 1732 civita-

318 1797 374 1854 tes
393 1804 486 1876 quas
502 1803 619 1874 nuper
633 1775 835 1873 Aistulpho
853 1776 1023 1874 eriperat.
1048 1775 1098 1850 Et
1112 1777 1197 1874 jure
1216 1776 1442 1875 meritoque:
1462 1776 1577 1873 impe·

318 1915 460 1971 ratores
479 1895 578 1970 enim
593 1896 672 1994 jam
687 1895 749 1968 diu
767 1893 912 1967 ltaliam
939 1918 1013 1967 non
1032 1892 1152 1967 solum
1174 1919 1247 1968 non
1269 1895 1350 1969 tuiti
1370 1913 1476 1969 erant
1490 1920 1577 1969 con-

319 2035 375 2091 tra
397 2013 681 2113 Longobardos‚
711 2013 787 2086 imo
802 2011 927 2087 hostili
948 2012 1075 2085 animo
1108 2012 1144 2084 in
1177 2012 1377 2088 Pontifices
1402 2032 1440 2088 et
1463 2012 1576 2087 Italos

320 2134 458 2233 passim
471 2158 554 2207 sese
565 2149 777 2230 gesserant;
784 2158 799 2229 J
806 2155 869 2204 ure
884 2129 969 2203 belli
984 2130 1095 2228 igitur
1107 2149 1254 2227 poterat
1271 2132 1423 2229 Pipinus
1436 2131 1494 2206 vel
1507 2130 1577 2204 sub

319 2277 495 2350 supremo
514 2274 582 2324 suo
600 2249 767 2322 dominio
786 2246 997 2344 provincias
1017 2266 1055 2321 ut
1078 2273 1142 2322 eas
1166 2268 1381 2347 protegeret
1406 2248 1574 2332 retinere,

320 2371 380 2446 vel
410 2396 473 2446 eas
503 2369 649 2444 tradere
672 2367 845 2441 Pontifici
868 2368 1050 2451 Romano.
1066 2385 1105 2442 ut
1124 2368 1194 2441 sub
1213 2371 1294 2468 ejus
1308 2370 1474 2444 dominio
1494 2368 1576 2442 Itali

320 2492 376 2566 sui
390 2491 485 2589 juris
500 2510 637 2564 essent.
657 2488 709 2562 Et
727 2487 798 2561 hoc
816 2487 1010 2561 consilium
1027 2487 1107 2561 iniit
1126 2487 1279 2584 Pipinus
1297 2515 1305 2562 :
1323 2487 1578 2563 instrumento

320 2608 535 2683 authentico
563 2622 803 2680 recensentur
835 2604 1053 2679 nominatim
1076 2629 1119 2677 22
1147 2605 1320 2681 civitates
1342 2632 1426 2704 quae
1444 2624 1579 2703 praeter

320 2726 525 2802 dominium
539 2725 577 2803 S.
600 2723 712 2798 Sedis
731 2723 921 2820 proprium
944 2722 1056 2823 Papae
1071 2725 1323 2800 restituuntur.

374 2863 393 2894 ‘⁴
411 2850 798 2927 Animadvertendum
823 2868 890 2934 est,
907 2850 1083 2924 observat
1097 2850 1140 2928 cl.
1158 2850 1389 2951 'Jungmanm
1412 2851 1448 2924 in
1467 2851 1579 2925 docu-

322 2971 457 3046 mentis
472 2968 567 3043 illius
583 2967 760 3066 temporis
775 2967 847 3040 dici
861 2967 1043 3044 Civitates
1063 2969 1172 3042 reddi
1182 2995 1224 3043 ac
1243 2970 1438 3044 restzluiB.
1455 2971 1577 3055 Petro,

323 3091 503 3178 Pontifici,
521 3087 732 3187 reipublicae
748 3088 938 3174 Romanae‚
959 3087 1139 3163 Ecclesiae
1157 3091 1346 3177 Romanae,
1364 3116 1449 3188 quae
1468 3114 1580 3163 voces

319 3209 592 3311 significatione
619 3232 828 3305 synonyma
846 3206 1129 3281 adhibebantur.

373 3346 393 3377 “
414 3335 529 3410 Haud
556 3333 729 3408 alluditur
757 3334 805 3408 ad
816 3334 1038 3408 donationes
1056 3334 1311 3432 supposititias
1331 3334 1577 3421 Constantini,

319 3482 404 3555 quae
421 3454 612 3552 aliquanto
632 3470 717 3549 post
744 3452 1004 3526 tantummodo
1029 3452 1209 3527 consectae
1236 3452 1350 3527 fuisse
1367 3471 1578 3528 censentur.

372 3595 392 3622 “
412 3582 455 3656 ln
470 3581 696 3655 documento
715 3578 926 3653 donationis
944 3578 1064 3676 Pipini
1081 3605 1154 3653 non
1171 3599 1484 3654 commemoratur
1500 3580 1579 3677 ipse

319 3701 476 3774 ducatus
506 3697 711 3782 Romanus,
742 3696 829 3793 quia
847 3696 895 3770 de
914 3696 1011 3769 lacto
1033 3698 1114 3794 jam
1145 3698 1356 3772 auctoritati
1389 3697 1580 3771 Pontificis

318 3817 508 3916 subjectus
526 3833 606 3889 erat
634 3814 751 3889 necin
768 3839 899 3887 manus
922 3814 1257 3913 Longobardorum
1285 3816 1470 3890 ceciderat
1491 3813 1543 3915 (¹).
1562 3815 1579 3841 ”

318 3936 537 4012 Generatim
552 3962 600 4010 ex
619 3933 681 4009 illo
701 3952 869 4031 tempore
892 3935 1123 4031 Principatus
1154 3934 1272 4009 civilis
1294 3935 1454 4009 Romani
1486 3936 1580 4009 Pon·

319 4053 426 4130 tificis
452 4053 562 4150 plene
581 4052 806 4127 constitutus
833 4069 1000 4147 apparet.
1022 4053 1073 4125 ita
1103 4069 1143 4125 ut
1165 4078 1340 4150 suprema
1359 4054 1580 4128 auctoritate

321 4173 481 4248 Romam
507 4170 742 4269 reliquasque
756 4170 968 4267 provincias
986 4188 1025 4244 et
1043 4170 1215 4244 civitates
1230 4170 1426 4269 gubernet.
1450 4172 1580 4246 Habe-

244 4276 247 4283 ¹
319 4292 382 4366 bat
396 4292 499 4388 Papa
517 4288 554 4364 in
566 4315 634 4364 sua
645 4289 787 4363 ditione
801 4314 885 4365 eam
900 4289 977 4363 lere
995 4291 1253 4364 auctoritatem
1269 4309 1307 4365 et
1326 4318 1370 4365 ea
1383 4291 1478 4389 jura,
1496 4316 1582 4387 quae

319 4428 431 4486 antea
457 4408 619 4486 exarcha
635 4408 937 4482 Ravennatensis
955 4407 1106 4483 nomine
1126 4409 1361 4505 imperatoris
1385 4409 1581 4495 habuerat.
1608 4390 1612 4395 ¹

359 4708 380 4748 1.
392 4694 565 4765 Jungmann,
581 4694 631 4764 Op.
644 4697 700 4763 cit,
713 4712 777 4766 pag.
792 4707 849 4763 135.
