3496 5482
249 443 544 453 ——..-.--——--
811 445 858 450 —-—

250 505 320 576 342
660 505 751 555 naen
780 506 838 554 srr
867 506 940 555 nex
970 506 1095 558 noue.

250 688 374 746 tamen
402 671 520 747 ltaliae
538 697 637 747 verae
660 692 698 748 et
721 673 896 770 genuinae
916 699 1009 776 quae,
1032 672 1255 749 Christianae
1279 672 1451 772 religioni
1470 690 1511 748 et

254 789 426 865 Pontifici
447 791 632 888 Supremo
658 809 835 888 tanquam
854 809 983 866 centro
1000 790 1130 889 gloriae
1148 810 1185 867 et
1204 791 1411 892 majestatis
1429 816 1510 865 suae

249 909 395 997 deditae,
418 929 547 1009 parata
564 930 622 987 est
636 930 676 987 ut
691 938 749 988 res
768 939 851 989 cum
865 913 1084 1012 Apostolica
1100 915 1201 990 Sede
1219 914 1338 989 amice
1355 938 1509 1010 compo-

250 1046 330 1114 nat:
349 1032 416 1107 sed
442 1032 558 1108 ltaliae
577 1033 678 1108 lalsae
697 1034 733 1108 in
752 1053 936 1110 sectarum
955 1034 1267 1111 clandestinarum
1284 1035 1508 1110 servitutem

247 1146 482 1227 durissimam
509 1153 681 1227 redactae.
699 1154 795 1228 Haec
813 1153 901 1229 dum
916 1154 952 1227 in
972 1153 1070 1229 diem
1089 1180 1111 1228 a
1129 1155 1269 1229 vertice
1287 1154 1369 1239 ruit,
1390 1152 1508 1226 mani·

248 1263 341 1342 feste
365 1295 560 1366 assurgere
579 1271 911 1371 magismagisque
928 1272 1091 1348 cernitur
1109 1272 1179 1346 illa.
1203 1272 1375 1347 Proiecto
1405 1272 1508 1346 enim

240 1388 428 1481 'providus
470 1391 576 1465 Deus
615 1390 710 1464 sicut
745 1408 897 1465 cunctas
933 1416 991 1466 res
1020 1408 1162 1466 naturae
1197 1391 1249 1465 ita
1278 1408 1317 1465 et
1348 1388 1509 1488 populos

250 1506 436 1582 sanabiles
459 1509 554 1595 lecit,
583 1508 741 1606 ideoque
766 1509 862 1583 inter
887 1526 1020 1605 gentes
1053 1535 1120 1584 nec
1144 1509 1313 1607 germina
1340 1509 1429 1586 boni
1457 1509 1509 1582 ita

250 1623 371 1718 perire
391 1627 580 1723 permittet
598 1644 637 1701 ut
656 1626 782 1724 populi
811 1628 846 1700 in
879 1625 1114 1702 ineluctabile
1145 1627 1299 1702 exitium
1331 1652 1509 1724 proruere

249 1740 323 1815 sint
343 1745 550 1819 necessarie
562 1746 690 1820 coacti.
708 1746 850 1844 ltaque,
865 1764 996 1820 ruente
1011 1745 1118 1820 ltalia
1130 1746 1347 1831 massonica
1369 1770 1508 1846 agmen

249 1859 403 1959 affulget
430 1863 466 1937 in
492 1864 657 1962 pluribus
677 1865 870 1962 mancipiis
888 1864 1123 1939 cordatorum
1144 1865 1305 1938 virorum
1325 1864 1508 1964 genuino·

251 2005 332 2053 rum
354 1981 607 2057 Romanorum
629 2000 667 2057 et
689 1983 877 2070 Italorum,
897 2002 1009 2059 sectae
1029 1983 1190 2057 maxime
1215 1982 1428 2057 odiosorum
1450 1981 1505 2081 (¹).

302 2113 352 2175 ll.
376 2100 563 2200 Equidem
583 2102 619 2176 in
638 2102 800 2176 consiliis
819 2103 1014 2199 supernis:
1039 2101 1186 2175 “Unus
1209 2101 1289 2176 dies
1308 2101 1406 2198 apud
1428 2102 1507 2176 Do·

252 2220 393 2296 minum
425 2224 519 2298 sicut
546 2222 645 2300 mille
671 2226 758 2299 anni
785 2241 823 2299 et
846 2224 944 2298 mille
964 2225 1049 2297 anni
1074 2224 1169 2298 sicut
1200 2223 1280 2298 dies
1296 2248 1392 2297 unus
1410 2219 1466 2318 (²).
1486 2220 1507 2251 ”

251 2337 328 2414 Sed
348 2342 483 2418 adsunt
501 2362 539 2419 et
557 2345 673 2419 verba
691 2343 856 2419 Christi:
878 2355 897 2383 ‘¹
914 2343 978 2417 Ab
995 2343 1128 2417 arbore
1154 2361 1277 2416 autem
1298 2340 1356 2415 fici
1375 2340 1508 2415 discite

249 2458 490 2551 parabolam:
518 2488 601 2535 cum
629 2463 708 2561 jam
737 2488 861 2536 ramus
888 2463 969 2560 ejus
987 2479 1094 2536 tener
1114 2459 1223 2534 luerit
1241 2476 1278 2534 et
1297 2458 1385 2533 lolia
1408 2476 1506 2546 nata,

253 2576 354 2651 scitis
384 2579 471 2676 quia
501 2607 616 2678 prope
637 2600 695 2656 est
713 2598 824 2656 aestas
844 2577 897 2680 (³).
912 2581 931 2609 ’⁹
960 2580 1047 2675 Quo
1077 2578 1198 2653 minus
1221 2577 1367 2677 proficit
1394 2577 1508 2652 incoe·

240 2710 353 2790 ¹ptum
375 2698 462 2773 novi
481 2700 586 2796 regni
603 2698 719 2780 Italici
733 2725 779 2773 eo
793 2716 893 2773 certe
906 2699 1025 2797 magis
1039 2696 1171 2772 crescit
1186 2696 1222 2770 in
1235 2696 1333 2771 diem
1349 2696 1508 2771 auctori·

250 2841 307 2896 tas
335 2847 377 2895 ac
410 2821 586 2918 majestas
618 2820 809 2894 Pontificis
842 2818 1002 2892 Romani
1030 2843 1154 2891 coram
1182 2816 1437 2914 potentatibus
1464 2843 1508 2892 ac

250 2941 546 3016 moderatoribus
580 2939 861 3014 christianarum
900 2938 1101 3022 nationum,
1142 2935 1193 3009 ita
1227 2952 1267 3009 ut
1306 2935 1507 3009 auctoritas

252 3060 365 3157 Papae
385 3061 492 3134 unica
507 3061 554 3133 sit
574 3086 641 3134 nec
659 3058 796 3132 habeat
812 3057 964 3132 alteram
983 3054 1152 3130 similem.

303 3180 417 3275 Quod
436 3198 537 3253 secta
565 3196 688 3251 tamen
710 3176 914 3273 praepedire
939 3192 997 3247 est
1014 3189 1157 3257 conata,
1180 3198 1264 3246 cum
1287 3172 1506 3248 Pontificem

252 3300 358 3395 quasi
373 3299 640 3371 incarceratum
656 3315 798 3379 tenens,
815 3294 848 3368 ei
863 3293 961 3366 viam
976 3289 1202 3388 praecludere
1217 3290 1418 3366 intenderit
1433 3318 1508 3389 qua

251 3417 331 3515 ipse
357 3415 515 3513 populos
534 3416 581 3489 ad
601 3440 642 3489 se
669 3413 856 3497 traheret;
878 3430 915 3486 et
933 3435 1030 3496 ecce,
1052 3408 1212 3482 mundus
1238 3408 1433 3484 universus
1459 3411 1506 3484 ad

221 3591 225 3601 ·
249 3562 334 3612 eum
351 3554 486 3632 sponte
505 3533 703 3609 convolare
722 3533 866 3631 ipsique
884 3529 1074 3605 adhaerere
1090 3529 1190 3605 visus
1209 3546 1266 3604 est
1288 3557 1295 3604 :
1317 3529 1446 3605 fideles
1464 3556 1508 3604 ac

251 3653 428 3739 infideles,
437 3655 563 3751 Reges
578 3670 615 3727 et
630 3652 1070 3750 Principes‚regnaatque
1086 3646 1303 3745 respublicae
1315 3673 1397 3722 cum
1410 3648 1507 3722 Pon·

246 3773 348 3848 ›tifice
375 3772 554 3846 amicitias
584 3772 676 3845 inire
708 3769 861 3855 inhiant,
890 3770 965 3842 imo
996 3766 1172 3841 auxilium
1200 3766 1281 3864 ejus
1308 3763 1508 3863 implorant

250 3912 362 3990 atque
382 3890 693 3968 interventionem
713 3890 750 3963 in
770 3889 952 3990 angustiis
971 3886 1129 3984 politicis
1148 3887 1236 3961 suis.

286 4143 307 4182 r.
329 4128 374 4181 De
386 4127 405 4181 ’t
418 4127 556 4194 Serclaes,
571 4127 645 4180 [ἴση
658 4126 747 4192 XIII,
763 4127 800 4194 11,
814 4127 857 4181 ch.
872 4141 914 4194 30,
928 4143 953 4195 p.
969 4139 1029 4192 203.

283 4208 356 4262 Item
370 4225 376 4260 :
391 4207 494 4273 Ριέίοῑ,
506 4189 594 4261 ΕΜ.
606 4207 722 4274 νιίι“ρ.,ῑ.
734 4207 775 4274 65.
787 4223 813 4275 p.
828 4221 884 4272 190.
896 4235 931 4244 -
940 4204 956 4232 “
968 4205 1006 4258 Le
1020 4202 1115 4257 conflit
1129 4200 1388 4271 religieuxacoupe
1400 4201 1503 4257 l’ltalie

243 4304 277 4341 en
292 4288 366 4341 deux
379 4286 500 4354 moines,
513 4288 578 4342 d’un
592 4287 655 4341 cote
673 4287 701 4340 la
714 4286 825 4355 portion
839 4286 867 4340 la
880 4286 942 4354 plus
955 4284 1135 4349 nombreuse,
1149 4282 1175 4335 la
1189 4282 1251 4352 plus
1266 4281 1344 4337 saine
1357 4290 1385 4335 et
1399 4281 1426 4335 la
1440 4282 1503 4351 plus

243 4366 375 4433 nonnette,
388 4365 460 4419 mais
477 4367 524 4435 qui
539 4383 574 4420 ne
587 4366 726 4435 participe
740 4364 817 4435 point
831 4382 885 4419 aux
897 4364 1018 4429 almires,
1030 4392 1066 4402 -
1087 4360 1123 4416 de
1137 4362 1241 4426 l’autre,
1255 4361 1281 4416 le
1295 4378 1365 4431 pays
1377 4360 1460 4429 legal,
1473 4371 1502 4417 et

244 4445 316 4501 dans
330 4463 362 4500 ce
375 4463 444 4513 pays
457 4446 529 4515 legal
544 4447 570 4500 la
583 4445 714 4500 minorite
727 4445 810 4500 d'une
823 4444 953 4499 minorite
966 4443 1012 4513 qui
1027 4441 1137 4510 impose
1151 4459 1197 4496 ses
1218 4441 1346 4495 volentes
1368 4457 1404 4494 au
1426 4452 1502 4495 reste

244 4524 280 4580 de
294 4527 321 4579 la
334 4525 439 4579 nation.
455 4527 468 4552 '¹

271 4601 303 4660 a.
319 4605 503 4672 IlPeIr.,111‚
516 4606 544 4663 8.

279 4699 303 4753 3.
324 4684 439 4754 Matri,
452 4697 539 4755 xxm,
553 4697 595 4756 35.
