3496 5482
249 546 323 617 300
656 548 748 598 PAPA
776 549 835 599 SIT
863 548 937 599 REX
966 548 1094 600 ROMAE.

257 653 467 660 ..ᾤ-,υ-
800 655 1074 660 -—-...—-.-—-
1086 657 1249 663 -—-——.‚

246 708 419 786 catholici
438 710 475 784 in
495 710 646 809 reliquis
676 729 796 786 terrae
824 711 991 807 partibus
1009 711 1214 811 degentes,
1240 710 1385 788 ltaliam
1404 739 1505 790 com·

247 829 350 903 muni
362 829 527 927 ipsorum
543 829 642 904 Patri
655 829 842 903 inimicam
862 829 1077 904 existimare
1091 830 1284 904 deberent.

299 957 319 986 ⁴⁴
336 946 517 1042 Quinimo
542 974 589 1022 ex
609 947 710 1021 vitae
728 947 927 1022 concordia
959 972 1043 1021 cum
1063 947 1283 1044 Apostolica
1302 948 1404 1024 Sede
1427 949 1501 1024 lta-

245 1063 317 1140 liae
335 1065 455 1140 honor
473 1083 586 1163 atque
613 1066 824 1140 aestimatio
843 1091 960 1163 penes
978 1085 1122 1140 ceteros
1151 1065 1309 1164 populos
1334 1067 1503 1165 prolecto

245 1205 479 1259 excresceret
496 1213 504 1272 ;
522 1210 620 1284 quae
655 1185 807 1283 quidem
844 1182 1063 1281 Apostolica
1088 1185 1220 1272 Sedes,
1256 1188 1502 1284 quemadmo-

245 1300 335 1374 dum
353 1299 504 1398 speciali
525 1301 638 1376 modo
654 1302 769 1388 ltalis,
786 1303 822 1375 in
856 1302 981 1376 medio
1011 1329 1140 1378 eorum
1165 1304 1246 1390 sita,
1267 1306 1501 1403 praesentiae

244 1442 335 1502 suae
353 1418 536 1493 beneficia
554 1419 641 1494 olim
662 1420 892 1518 experienda
910 1420 1084 1508 dedit,ita
1101 1421 1209 1495 Fidei
1228 1421 1423 1510 thesauris,
1436 1425 1500 1523 qui

244 1560 291 1610 ex
310 1535 381 1610 hoc
400 1536 674 1614 benedictionis
698 1557 737 1614 et
755 1539 884 1613 salutis
902 1558 1033 1614 centro
1051 1565 1201 1636 semper
1218 1565 1500 1640 quaquaversus

243 1653 368 1728 difsusi
387 1674 483 1742 sunt,
505 1656 637 1744 effecit,
659 1677 698 1732 ut
718 1656 754 1734 in
784 1682 916 1733 omnes
946 1676 1080 1757 gentes
1107 1658 1311 1756 spectabile
1334 1686 1377 1735 ac
1396 1687 1500 1736 reve·

244 1772 400 1847 rendum
424 1772 593 1848 ltalicum
613 1800 750 1850 nomen
770 1774 1005 1873 perferretur.

296 1900 317 1929 “
341 1889 447 1966 ltalia
465 1916 549 1964 cum
564 1892 738 1966 Romano
756 1891 936 1966 Pontifice
959 1889 1204 1980 reconciliata,
1218 1921 1384 1995 suaeque
1399 1897 1498 1972 Reli·

241 2007 344 2107 gioni
373 2007 503 2094 fidelis,
524 2009 571 2082 ad
591 2011 712 2083 avitas
722 2009 861 2107 glorias
881 2011 950 2084 rite
975 2009 1219 2086 aemulandas
1238 2014 1495 2092 adduceretur.

244 2129 437 2229 Quidquid
465 2156 557 2206 vero
575 2150 633 2207 est
651 2159 694 2206 ac
708 2133 843 2208 dicitur
861 2132 1049 2231 legitimus
1062 2150 1272 2206 nostrorum
1289 2151 1498 2230 temporum

242 2275 472 2348 progressus,
494 2250 613 2324 calcar
629 2252 753 2325 eidem
777 2250 927 2326 Italicae
948 2251 1088 2325 nationi
1103 2250 1333 2337 admoveret,
1347 2251 1395 2324 ad
1407 2249 1497 2326 ulte·

242 2369 318 2444 rius
338 2368 373 2442 in
406 2369 556 2466 incepto
584 2368 881 2466 praeclarissimo
907 2370 1007 2444 civili
1026 2395 1137 2444 cursu
1156 2370 1328 2444 alacriter
1345 2395 1497 2470 progre-

241 2487 420 2562 diendum
436 2484 521 2587 (Ὺ.

136 2616 142 2627 ’
296 2605 504 2705 Religionis
533 2604 740 2692 diminuti0,
761 2605 1029 2704 consequentia
1059 2605 1293 2703 spoliationis
1313 2604 1352 2679 S.
1373 2604 1496 2690 Sedis,

239 2725 393 2822 gravius
428 2723 545 2797 ltaliae
577 2723 686 2798 insert
716 2725 982 2799 detrimentum
1012 2749 1123 2821 quam
1149 2723 1229 2797 aliis
1261 2722 1498 2810 nationibus;

240 2860 469 2941 quapropter
486 2868 508 2916 e
526 2867 709 2917 converso
722 2843 908 2918 restitutio
926 2843 1092 2917 Dominii
1113 2843 1153 2917 S.
1177 2842 1275 2916 Petri
1297 2842 1415 2941 majus
1434 2843 1498 2916 da·

241 2959 296 3064 bit
314 2961 348 3035 ei
380 2960 688 3035 emolumentum.

294 3087 315 3119 ‘⁸
338 3080 537 3153 Potissima
561 3106 722 3177 namque
737 3081 816 3153 eius
831 3081 976 3165 decora,
1000 3107 1177 3178 perquam
1197 3079 1360 3178 gloriosa
1374 3096 1493 3178 gesta,

241 3197 290 3271 ob
309 3222 406 3296 quae
438 3198 534 3271 inter
562 3216 705 3270 ceteras
735 3199 900 3271 omnium
939 3201 1101 3273 maxime
1129 3196 1296 3272 excultas
1325 3198 1495 3271 nationes

246 3315 353 3389 ltalia
371 3315 434 3388 diu
462 3314 660 3412 primatum
689 3317 861 3400 obtinuit,
882 3317 930 3388 ab
949 3316 1131 3390 catholica
1161 3316 1370 3413 Religione,
1399 3341 1497 3414 quae

242 3433 301 3509 vel
314 3460 442 3509 eorum
457 3459 589 3506 caussa
602 3433 748 3521 suit,vel
768 3460 812 3507 ea
835 3435 1039 3531 inspiravit,
1057 3433 1115 3507 vel
1127 3453 1227 3508 certe
1243 3434 1370 3509 lavore
1385 3452 1498 3531 atque

240 3580 310 3650 ope
330 3553 464 3651 quovis
484 3569 653 3649 tempore
672 3571 869 3650 prosecuta
898 3572 956 3625 est
984 3554 1172 3651 auxitque,
1196 3552 1361 3649 separari
1398 3551 1498 3625 nullo

241 3672 356 3745 modo
375 3688 542 3767 possunt.

296 3799 317 3828 ‘⁴
339 3789 497 3888 Religio,
519 3789 646 3885 quiaa
668 3788 753 3861 Deo
773 3788 955 3884 provenit,
978 3787 1196 3862 immortalis
1221 3807 1289 3863 est.
1315 3788 1401 3886 lpsa
1420 3789 1500 3863 the·

241 3933 372 3982 sauros
386 3908 582 3981 cuiuslibet
601 3906 777 3980 ferendae
795 3906 878 4002 opis
907 3906 1061 3991 obtinet,
1077 3931 1119 3978 ac
1140 3906 1304 3979 remedia
1323 3903 1499 3978 efficacis-

242 4027 336 4100 sima
354 4027 527 4100 omnibus
539 4050 859 4123 quorumcumque
873 4044 1083 4121 temporum
1099 4042 1138 4098 et
1151 4024 1315 4099 locorum
1330 4024 1498 4122 indigen·

243 4145 303 4218 tiis
323 4144 439 4241 probe
456 4146 560 4219 novit
578 4144 768 4240 adaptare.

296 4262 444 4358 “Quod
477 4262 558 4335 aliis
590 4261 821 4358 temporibus
854 4259 974 4333 lacere
995 4278 1031 4335 et
1051 4259 1156 4334 novit
1171 4278 1208 4333 et
1227 4258 1358 4356 potuit,
1388 4259 1500 4332 etiam

242 4407 351 4466 nunc,
373 4407 471 4456 nova
490 4407 639 4478 semper
657 4400 694 4456 et
714 4382 865 4455 robusta
885 4383 1022 4455 virtute
1043 4382 1163 4455 lacere
1190 4380 1501 4475 omninopotest.

295 4511 316 4540 ‘⁴
336 4500 468 4598 ltaque
486 4499 722 4599 Religionem
746 4501 876 4574 ltaliae
895 4499 1040 4575 auferre
1071 4499 1167 4573 idern
1202 4516 1268 4581 est,
1291 4524 1333 4571 ac
1353 4497 1502 4570 inaesti-

280 4732 301 4778 1.
317 4717 434 4789 Encycl.
451 4730 481 4793 15
497 4719 560 4772 Oct.
573 4718 653 4789 1890.
