3496 5482
667 555 788 613 CAPUT
814 561 1005 612 DECIMUM.
1394 560 1465 628 229
1570 636 1572 641 ,

209 745 267 800 est
280 751 344 800 cur
356 725 545 800 solitudini
557 743 596 799 et
606 725 835 800 derelictioni
850 726 1046 800 mandatur
1060 725 1143 800 aula
1158 726 1285 801 ltalica
1296 740 1465 822 respectu

114 871 117 875 ’
212 845 432 941 Principum
459 842 734 920 catholicorum.
757 844 859 940 Quid
890 861 948 919 est
976 869 1041 918 cur
1070 845 1272 942 imperator
1302 827 1465 918 Austriae

210 962 400 1037 civilitatis
420 963 540 1062 gratia
568 964 736 1037 nondum
766 963 935 1037 inviserit
966 964 1219 1038 Humbertum
1249 987 1377 1061 regem
1396 960 1466 1034 etsi

146 1115 149 1119 ¹
211 1082 270 1155 hic
293 1098 418 1156 tamen
447 1082 634 1156 Viennam
664 1080 839 1158 venerit?
858 1081 960 1177 Quid
991 1100 1049 1157 est
1067 1108 1132 1156 cur
1161 1098 1326 1157 externae
1355 1079 1468 1177 regiae

213 1200 365 1273 ramiliae
384 1219 422 1276 et
439 1201 650 1297 optimates,
683 1218 722 1275 ut
741 1201 792 1274 ita
819 1200 950 1286 dicam,
972 1227 1054 1275 cum
1079 1200 1215 1274 Italicis
1237 1197 1469 1294 Principibus
1576 1225 1578 1228 ’

211 1325 436 1397 contrahere
455 1321 755 1396 abhorrescant?
773 1320 886 1416 Quod
904 1320 934 1394 si
957 1320 1116 1394 Romam
1136 1321 1239 1395 venit
1258 1334 1469 1416 protestans

214 1440 417 1539 imperator
436 1440 745 1526 Guilhelmusll,
767 1440 968 1538 hospitium
984 1441 1127 1538 accepit
1145 1466 1219 1514 non
1233 1439 1328 1513 intra
1343 1461 1469 1511 muros
1560 1525 1563 1530 Ι

213 1561 558 1634 excommunicatos
588 1558 790 1654 Quirinalis
823 1557 946 1656 palatii
968 1550 1203 1644 Pontificalis,
1235 1557 1302 1632 sed
1330 1556 1366 1629 in
1386 1551 1469 1628 aula

213 1679 430 1753 Palaazr'na
448 1695 533 1776 post
558 1680 691 1770 187oa
709 1675 1127 1752 Victore-Emmanuele
1145 1676 1335 1751 aedificata.

268 1814 380 1910 Quod
400 1814 551 1912 quidem
572 1813 641 1889 iter
673 1839 747 1887 non
766 1812 987 1913 glorificavit
1019 1839 1175 1913 regnum
1199 1811 1325 1898 ltaliae,
1346 1811 1429 1885 curn
1450 1834 1471 1883 e

215 1951 344 2007 contra
363 1933 614 2006 conditionem
631 1932 830 2029 ancipitem
848 1932 964 2007 Urbis
983 1950 1023 2007 ut
1042 1933 1141 2007 sedis
1160 1932 1259 2031 regis
1277 1928 1471 2028 spoliantis

216 2051 324 2126 simul
344 2069 381 2128 et
401 2052 499 2151 regis
527 2050 673 2148 spoliati
702 2052 883 2125 absonam
902 2076 985 2126 esse
1005 2051 1308 2126 manifestaverit.
1329 2049 1469 2124 Verum
1531 2033 1533 2039 ⁸

217 2172 316 2245 enim
336 2172 382 2244 ad
398 2170 606 2267 petendum
625 2168 802 2266 palatium
817 2168 1051 2258 Vaticanum,
1068 2170 1196 2245 sedem
1212 2169 1290 2245 veri
1306 2185 1343 2242 et
1357 2164 1471 2251 solius

220 2292 338 2391 Regis
360 2290 500 2376 Romae,
521 2315 615 2388 opus
635 2290 754 2365 suitut
773 2290 974 2387 imperator
993 2289 1127 2364 rhedas
1152 2313 1330 2386 expresse
1354 2311 1472 2360 arces·

217 2405 317 2484 seret
331 2433 377 2482 ex
394 2408 607 2493 Germania,
622 2425 660 2483 et
674 2433 747 2481 non
767 2433 788 2482 e
808 2407 990 2503 Quirinali
1009 2408 1076 2484 sed
1095 2433 1142 2482 ex
1165 2406 1382 2506 Legationis
1397 2429 1474 2479 suae

218 2527 366 2626 palatio,
386 2554 454 2602 ceu
473 2555 520 2603 ex
540 2546 639 2603 terra
662 2530 885 2627 germanica,
906 2555 954 2603 ex
982 2527 1062 2603 solo
1089 2529 1239 2626 proprio
1267 2526 1475 2626 proficisce-

219 2663 330 2721 retur.
355 2646 411 2719 lta
430 2644 614 2743 duplicem
650 2664 875 2743 potestatem
906 2647 1046 2745 regiam
1067 2646 1103 2719 in
1126 2647 1232 2721 Urbe
1251 2642 1472 2743 profitendo,

214 2757 346 2863 'regem
383 2764 500 2838 ltaliae
532 2782 727 2862 tamquam
758 2789 1014 2862 possessorem
1047 2765 1250 2839 novissime
1280 2765 1473 2848 intrusum,

220 2907 455 2980 nequaquam
482 2900 521 2956 ut
550 2908 682 2957 verum
706 2883 838 2957 Romae
866 2883 1149 2970 dominatorem,
1170 2907 1375 2982 agnoscere
1393 2906 1475 2955 coa-

219 3018 301 3074 ctus
321 3001 397 3074 suit.

271 3134 330 3235 B)
350 3137 616 3236 Languescunt
634 3137 844 3235 frequentia
857 3157 970 3236 atque
983 3138 1117 3212 fiducia
1130 3138 1312 3213 bonorum
1328 3136 1475 3213 civium.

216 3255 328 3349 Quos
348 3272 434 3330 ante
466 3255 618 3351 pacifica
637 3273 674 3330 et
705 3255 904 3354 tranquilla
935 3257 1054 3354 pietas
1073 3275 1111 3333 et
1142 3257 1294 3331 devotio
1312 3257 1359 3330 ad
1378 3282 1477 3331 com-

221 3372 440 3446 morandum
464 3372 597 3447 Romae
616 3372 816 3458 allexisset,
834 3374 903 3448 hos
920 3400 1016 3449 nunc
1035 3375 1198 3448 studium
1218 3391 1349 3448 cuncta
1365 3374 1476 3449 resor-

221 3490 346 3564 mandi
378 3509 414 3565 et
451 3490 717 3578 vandalismus,
750 3492 940 3567 affluentia
975 3492 1272 3569 meridionalium
1307 3493 1475 3592 gentium

220 3608 512 3706 corruptricium,
531 3635 675 3685 necnon
696 3610 931 3685 insalubritas
950 3610 1145 3710 elongatos
1165 3628 1303 3686 tenent.
1324 3611 1475 3684 Etenim

221 3725 424 3801 inclemens
439 3753 503 3801 aer
518 3728 734 3824 Campaniae
750 3728 932 3803 Romanae
947 3755 1020 3802 non
1040 3729 1197 3826 quadrat
1211 3754 1295 3802 cum
1313 3752 1477 3801 commo·

221 3844 279 3917 dis
298 3845 509 3943 omnigenis
527 3846 662 3942 quibus
690 3847 841 3921 student
874 3847 1080 3943 praeprimis
1099 3844 1229 3920 incolae
1258 3870 1476 3943 magnarum

105 3993 107 3998 ·
221 3961 414 4035 civitatum
427 3964 688 4037 modernarum
702 3964 765 4062 qui
780 3989 846 4038 nec
861 3964 1000 4061 pietate
1017 3991 1084 4039 nec
1098 3964 1301 4039 devotione
1316 3963 1352 4035 in
1370 3962 1477 4036 Urbe

223 4078 437 4155 retinentur.
452 4082 620 4155 Conatus
635 4080 848 4155 modulandi
867 4082 1026 4156 Romam
1039 4083 1086 4157 ad
1102 4083 1217 4155 instar
1229 4080 1476 4155 recentiorum

222 4199 425 4285 civitatum,
446 4201 696 4275 constituendi
716 4227 798 4276 eam
818 4219 928 4298 caput
948 4228 1021 4276 non
1037 4202 1150 4276 totius
1171 4201 1297 4286 Orbis,
1316 4199 1381 4274 sed
1395 4224 1476 4296 par·

223 4320 383 4396 ticularis
402 4323 594 4420 cujusdam
615 4325 720 4424 regni
744 4342 781 4399 et
799 4325 991 4400 auferendi
1022 4325 1069 4400 ab
1088 4324 1253 4398 aedificiis
1268 4322 1477 4398 christianis

224 4444 383 4542 insignia
414 4445 570 4543 papalia,
604 4472 681 4544 prae
709 4473 750 4522 se
783 4443 904 4523 lerunt
924 4448 1046 4545 potius
1076 4446 1337 4522 destructionis
1363 4470 1475 4542 quam

224 4567 480 4642 aedificationis
524 4568 785 4645 characterem.
845 4571 1025 4644 Vicinitas
1069 4589 1250 4669 praeterea
1282 4568 1475 4669 regionum

224 4692 530 4780 meridionalium,
546 4694 687 4793 jugiter
718 4693 920 4770 rebellione
950 4695 1197 4796 flagrantium,
1222 4694 1320 4768 haud
1355 4694 1476 4768 minus
