3496 5482
651 548 775 602 cneus
800 551 994 615 Qumruu.
1408 531 1456 622 89

197 713 452 811 praesumptio,
473 738 540 788 sua
559 714 774 811 temporalis
793 717 983 813 possessio
1001 716 1106 790 salva
1135 733 1172 792 et
1203 717 1351 815 integra
1380 733 1454 790 ser·

197 832 321 922 vanda
340 849 408 919 est,
429 856 503 929 qua
523 831 663 905 nullum
682 832 846 907 sanctius
871 859 1034 922 manere,
1057 834 1155 909 nulla
1189 834 1311 933 potior
1345 859 1456 908 causa

196 975 238 1023 ac
258 949 426 1024 detentio
445 949 573 1023 haberi
593 968 718 1047 potest
739 947 793 1054 (¹).
815 951 832 976 ”

248 1066 360 1163 Quod
380 1067 479 1168 idem
498 1067 651 1166 egregie
682 1067 847 1146 ostendit
869 1069 949 1144 Leo
964 1069 1070 1144 XIII
1092 1096 1099 1144 :
1121 1080 1141 1108 ‘⁴
1160 1068 1390 1144 Huiusmodi
1403 1070 1455 1143 in·

195 1185 340 1260 stitutio
359 1203 434 1259 tam
454 1185 631 1284 legitimis
649 1212 692 1261 ac
711 1187 929 1284 spontaneis
956 1187 1077 1261 modis
1096 1204 1237 1273 exorta,
1270 1187 1328 1261 cui
1357 1188 1454 1284 paci·

196 1302 275 1388 fica,
298 1328 366 1376 nec
398 1327 561 1401 unquam
591 1304 671 1378 sive
700 1322 929 1403 oppugnata,
951 1304 1032 1381 sive
1065 1306 1102 1379 in
1135 1304 1288 1378 dubium
1307 1322 1452 1390 vocata,

126 1460 129 1467 ·
196 1419 393 1494 duodecim
413 1420 645 1496 saeculorum
661 1423 849 1519 possessio
863 1421 1089 1522 suffragatur
1103 1453 1110 1510 ;
1126 1448 1222 1521 quae
1238 1422 1324 1496 fidei
1339 1421 1453 1496 civili·

198 1563 271 1635 que
289 1537 403 1613 cultui
422 1540 665 1638 propaganda
683 1541 779 1614 adeo
798 1557 973 1637 potenter
992 1541 1145 1614 navavit
1164 1565 1317 1636 operam
1335 1566 1342 1625 ;
1357 1565 1454 1638 quae
1560 1534 1565 1543 ’

197 1657 243 1731 ad
262 1656 484 1755 populorum
503 1657 729 1758 exigendam
759 1685 827 1757 pro
846 1659 977 1734 officiis
1008 1661 1168 1759 gratiam
1201 1679 1256 1735 tot
1288 1659 1358 1734 sibi
1389 1685 1454 1734 no·

198 1775 300 1850 mina
317 1777 556 1875 comparavit,
578 1803 623 1851 ea
643 1777 816 1851 nimirum
836 1778 971 1875 potiori
991 1805 1069 1876 prae
1094 1778 1166 1852 alia
1183 1777 1350 1877 qualibet
1376 1778 1453 1852 iure

197 1893 338 1990 potitur
356 1911 395 1969 ut
413 1893 635 1969 observetur
652 1920 695 1967 ac
714 1896 951 1971 sustineatur.
976 1896 1059 1972 Nec
1075 1897 1160 1971 ideo
1178 1897 1266 1994 quia
1291 1921 1357 1994 per
1375 1895 1452 1998 vim

194 2030 233 2086 et
267 2013 443 2110 repetitas
486 2012 637 2110 injurias
679 2038 860 2110 oppressa
890 2034 958 2102 est,
997 2006 1191 2089 immutata
1226 2039 1318 2113 erga
1353 2012 1451 2086 illam

192 2130 352 2204 dicenda
369 2147 456 2204 sunt
474 2130 625 2204 divinae
646 2131 909 2206 Providentiae
927 2132 1081 2207 consilia
1102 2130 1155 2233 (²).
1179 2132 1197 2160 '¹

88 2234 91 2241 ¹
244 2262 278 2323 5.
310 2247 587 2345 Inspiciendum
617 2272 714 2322 nunc
732 2266 790 2323 est
806 2250 936 2347 quanti
957 2250 1105 2326 habitus
1124 2250 1171 2324 sit
1200 2250 1249 2324 ab
1278 2249 1450 2330 Ecclesia

193 2362 255 2438 hic
273 2365 391 2439 civilis
413 2366 452 2441 S.
475 2364 587 2439 Sedis
608 2366 852 2463 Principatus.
1475 2358 1477 2360 ’

247 2482 309 2558 De
337 2483 572 2583 legitimitate
601 2485 682 2581 ejus
712 2483 832 2558 nullus
864 2510 911 2560 ne
941 2484 1070 2560 hostes
1107 2485 1258 2583 quidem
1295 2504 1352 2560 est
1387 2486 1450 2582 qui

193 2600 354 2691 dubitet;
374 2603 453 2677 haec
472 2602 646 2677 omnibus
665 2601 878 2690 latentibus,
901 2603 1191 2679 evidentissimis
1220 2604 1451 2703 argumentis

190 2719 446 2796 demonstrata
467 2721 606 2796 existit.

242 2838 424 2914 Catholici
445 2839 591 2938 magnis
609 2838 768 2914 efferunt
798 2837 969 2915 laudibus
997 2840 1220 2914 donationes
1250 2838 1309 2914 vel
1342 2840 1447 2915 resti-

191 2961 353 3035 tutiones
381 2960 560 3035 Ecclesiae
592 2960 707 3035 lactas
732 2985 936 3058 eorumque
965 2979 1136 3037 auctores
1165 2960 1213 3035 de
1247 2959 1446 3035 universali

193 3077 362 3170 Ecclesia
380 3079 632 3182 benemeritos
652 3078 895 3175 proclamant.

242 3198 379 3273 Exstat
406 3198 521 3274 series
553 3197 772 3272 Pontificum
804 3224 826 3273 a
857 3197 994 3272 saeculo
1023 3198 1184 3295 septimo
1211 3198 1258 3272 ad
1280 3216 1445 3273 nostram
1493 3238 1497 3246 ·

189 3342 306 3415 usque
327 3334 488 3400 aetatem
509 3317 572 3415 qui
592 3315 765 3413 permulti
783 3334 822 3391 et
842 3318 1028 3415 praecipue
1047 3317 1216 3392 doctrina
1234 3342 1278 3391 ac
1307 3317 1441 3391 sancti·

188 3453 264 3511 tate
293 3436 487 3533 perspicui,
510 3434 597 3509 illud
629 3435 847 3509 Dominium
868 3461 942 3509 non
970 3434 1090 3509 solum
1113 3452 1193 3509 tuta
1215 3435 1445 3511 conscientia

188 3554 372 3639 retinent;
404 3553 572 3652 quinimo
604 3554 768 3627 maximo
797 3551 877 3627 zelo
907 3553 995 3628 illud
1016 3553 1205 3629 vindicare
1241 3572 1444 3661 cernuntur
1504 3633 1510 3650 .

186 3689 315 3746 contra
334 3672 536 3756 invasores,
558 3671 834 3768 perturbatores
864 3689 901 3746 et
931 3672 1058 3746 hostes
1078 3671 1241 3769 pacificae
1257 3671 1447 3746 ‘Domina-

188 3791 300 3864 tionis
319 3817 405 3865 suae.

235 3909 387 3983 Adsunt
416 3908 631 3983 testimonia
663 3907 903 3982 conciliorum
934 3907 1166 4007 generalium
1203 3908 1438 4008 singulorum

184 4052 269 4124 quae
287 4052 353 4125 per
382 4027 479 4101 hunc
512 4026 689 4121 temporis
708 4025 851 4122 lapsum
879 4043 961 4100 acta
994 4026 1142 4100 suerunt
1160 4024 1263 4126 (sunt
1284 4052 1439 4100 numero

183 4143 426 4244 novem)‚quae
440 4145 546 4243 quasi
563 4162 677 4219 testes
692 4145 841 4219 adstant
856 4144 1017 4219 universi
1030 4144 1156 4241 populi
1173 4144 1386 4232 Christiani,
1404 4163 1442 4219 et

185 4289 262 4338 non.
278 4262 397 4339 solum
418 4263 507 4337 nihil
527 4264 562 4336 in
583 4261 652 4335 hoc
673 4262 868 4357 temporali
892 4262 1072 4335 Dominio
1087 4261 1439 4360 reprehendendum

146 4425 149 4433 =
185 4382 388 4468 inveniunt,
409 4381 475 4455 sed
496 4379 632 4478 pluries
651 4378 825 4477 specialia
841 4379 1017 4453 nonnulla
1031 4381 1078 4454 ad
1104 4380 1170 4454 has
1186 4381 1443 4477 possessiones

184 4500 341 4573 tuendas
360 4517 539 4572 statuunt.

187 4610 332 4616 ———-.-
343 4610 452 4615 ..η-
867 4608 937 4613 ---·-
1338 4607 1436 4618 0——2-

222 4645 243 4684 1.
263 4631 352 4684 Alloc.
371 4645 398 4682 11
414 4627 480 4698 Julii
501 4628 577 4683 1808.

220 4725 242 4764 2.
265 4709 354 4784 Epist.
370 4710 406 4763 ad
421 4709 504 4765 Card.
520 4707 679 4783 Rampolla.
700 4708 774 4765 Acta
789 4709 818 4763 S.
834 4708 923 4783 Serit's,
937 4708 1002 4776 XX,
1023 4725 1048 4785 p.
1067 4720 1106 4783 15.
