3496 5482
245 538 313 626 1-56
649 550 741 600 mm
768 550 827 600 sn·
856 549 930 599 nex
960 548 1084 600 nomn.

241 658 542 672 Μ*
1016 657 1057 663 0-

240 712 480 788 reddiderunt
511 710 716 785 tentamina
750 710 1267 808 Massonumprimipilorum,
1299 707 1494 785 evertendi

242 831 494 928 Principatum
509 827 752 926 temporalem
770 829 814 902 R.
835 831 880 904 R.
899 829 1131 905 Pontificum.
1151 830 1228 903 Res
1242 853 1334 927 ergo
1355 853 1496 902 moram

240 948 369 1023 habuit
412 967 450 1022 et
481 947 622 1021 interea
658 948 858 1022 Massones
891 966 1090 1045 potuerunt
1123 948 1309 1047 inquirere
1345 945 1496 1044 aliquod

240 1068 474 1167 gubernium,
494 1067 593 1164 quod
614 1091 691 1141 rem
711 1067 923 1141 executioni
944 1067 1148 1143 mandaret.

294 1210 343 1270 11.
362 1195 477 1268 Anno
508 1197 610 1289 1855,
635 1194 722 1267 Pius
744 1193 801 1267 IX
828 1220 911 1268 cum
931 1195 1085 1269 Austria
1112 1196 1193 1269 iniit
1218 1193 1496 1278 concordatum,

241 1339 317 1412 quo
335 1312 426 1386 varii
444 1312 771 1410 supprimebantur
789 1313 928 1386 abusus
941 1330 1055 1411 atque
1072 1312 1252 1388 Ecclesiae
1268 1311 1383 1387 multa
1395 1310 1499 1386 resti·

243 1432 443 1508 tuebantur
472 1433 575 1530 justa
607 1429 819 1529 privilegia;
854 1431 955 1529 quod
991 1432 1115 1506 denuo
1146 1432 1242 1507 adeo
1276 1432 1497 1505 Massonum

243 1551 405 1626 furorem
424 1549 602 1635 accendit,
631 1569 670 1624 ut
697 1549 743 1622 ab
771 1575 817 1623 eo
846 1566 1016 1647 tempore
1045 1575 1119 1625 non
1147 1568 1337 1625 cessarent
1357 1549 1499 1623 ruinam

244 1669 409 1743 Austriae
428 1667 557 1743 moliri.

295 1796 486 1893 Tempore
502 1821 576 1892 quo
596 1821 655 1870 res
674 1796 829 1892 pacandi
848 1797 969 1895 gratia
987 1796 1177 1871 A'ustriaci
1197 1796 1332 1870 milites
1356 1793 1499 1869 ltaliam

244 1940 485 2011 occupavere,
501 1940 564 1988 rex
580 1914 1030 2000 Sardiniae,Carbonarius
1043 1913 1409 1999 Carolus-Albertus,
1422 1913 1501 2010 jam

245 2050 399 2106 conatus
414 2049 493 2106 erat
515 2033 584 2107 sub
611 2033 739 2131 iniquo
758 2052 941 2130 praetextu
966 2060 1068 2108 arma
1083 2058 1236 2108 movere
1255 2052 1385 2106 contra
1405 2033 1502 2105 Aus-

246 2151 352 2226 triam
363 2179 369 2238 ;
382 2150 449 2225 sed
462 2151 581 2225 victus
596 2152 770 2238 Novarae,
780 2152 1009 2226 Lusitaniam
1023 2152 1139 2250 petiit,
1149 2152 1211 2225 ubi
1224 2151 1260 2225 in
1273 2150 1385 2225 exilio
1397 2149 1499 2234 obiit,

246 2270 397 2343 ineunte
440 2294 540 2344 anno
589 2272 693 2362 1849,
732 2270 848 2368 digno
884 2269 959 2344 filio
999 2296 1067 2344 suo
1103 2265 1502 2344 Victori-Emmanueli

246 2412 371 2461 curam
399 2386 612 2486 relinquens
632 2389 814 2463 hostiliter
833 2414 917 2463 sese
944 2389 1099 2487 gerendi
1127 2414 1217 2487 erga
1245 2387 1437 2462 Austriam
1465 2404 1504 2458 et

248 2487 443 2603 hypocrite
461 2531 550 2605 erga
570 2508 609 2582 S.
630 2506 781 2582 Sedem.

302 2647 357 2708 12.
393 2634 457 2707 Ab
496 2634 599 2708 hisce
628 2634 735 2708 annis
780 2636 911 2709 civitas
951 2635 1212 2721 Taurinorum,
1251 2651 1362 2730 caput
1400 2632 1505 2730 regni

251 2751 444 2837 Sardiniae,
466 2752 648 2851 refugium
668 2751 764 2826 sacta
792 2769 850 2827 est
888 2754 1110 2828 Massonum
1148 2753 1425 2850 conjuratorum
1458 2775 1505 2823 ex

251 2871 351 2945 omni
384 2888 488 2967 parte
511 2870 637 2945 ltaliae.
663 2870 719 2944 lbi
745 2872 816 2945 sub
840 2873 1005 2968 auspicio
1036 2872 1144 2969 primi
1174 2859 1341 2954 ministri,
1362 2867 1508 2943 comitis

252 2989 412 3075 Cavour,
431 2987 486 3060 las
501 3005 580 3061 erat
599 2989 688 3085 ipsis
708 2988 847 3064 nesaria
863 2989 954 3065 inire
972 2989 1124 3064 consilia
1139 3009 1267 3062 contra
1290 2986 1507 3061 Dominium

253 3107 292 3181 S.
315 3106 437 3194 Sedis,
458 3133 541 3179 cum
573 3132 619 3180 ex
655 3107 727 3181 alia
760 3127 870 3203 parte·
895 3107 1067 3182 exulibus
1100 3107 1293 3205 Hungaris
1320 3101 1362 3179 ac
1395 3104 1509 3178 notis·

253 3226 349 3299 simo
388 3224 556 3298 Kossuth
593 3225 721 3300 liceret
749 3227 875 3299 odium
912 3227 1075 3300 excitare
1112 3252 1184 3300 non
1223 3225 1259 3297 in
1297 3224 1509 3297 Romanum

257 3341 474 3417 Pontificem
512 3361 667 3431 tantum,
701 3344 766 3418 sed
786 3364 823 3418 et
843 3346 879 3418 in
910 3363 1054 3420 ceteros
1082 3346 1272 3444 legitimos
1302 3349 1513 3425 Peninsulae

259 3461 448 3557 Principes
476 3487 617 3536 omnes.
643 3462 736 3536 lnde
760 3464 808 3536 ab
832 3467 925 3560 1856
945 3464 1008 3537 irae
1027 3484 1065 3539 et
1083 3468 1363 3562 persecutiones
1394 3467 1512 3541 omni·

255 3604 364 3678 genae
382 3581 418 3653 in
441 3579 668 3655 Ecclesiam:
685 3581 1020 3679 Archiepiscopum
1039 3584 1222 3659 Fransoni
1240 3613 1349 3661 manu
1365 3585 1513 3661 militari

257 3699 293 3771 in
320 3723 505 3773 carcerem
533 3699 734 3772 deductum
760 3724 932 3798 cerneres
951 3719 1062 3799 atque
1081 3703 1232 3777 ordines
1252 3703 1447 3800 religiosos
1465 3703 1515 3778 ob

256 3815 500 3891 diffidentiam
521 3816 703 3891 Gubernii
723 3817 759 3890 in
780 3816 818 3891 S.
842 3818 981 3892 Sedem
1002 3820 1139 3918 ubique
1158 3847 1390 3918 suppressos.

312 3944 373 4017 De
393 3944 604 4018 massonico
623 3942 693 4018 hoc
720 3945 903 4042 gubernio
930 3946 982 4018 sic
1002 3967 1230 4043 conquestus
1246 3968 1302 4021 est
1324 3949 1411 4047 Pius
1436 3948 1513 4021 lX:

261 4071 280 4102 ‘¹
300 4061 343 4135 ln
371 4062 539 4136 subdolis
556 4088 598 4136 ac
618 4063 812 4159 perversis,
830 4089 923 4160 quas
950 4063 1206 4152 lamentamur,
1235 4066 1517 4140 machinationi·

260 4181 339 4266 bus,
371 4182 594 4277 praecipuam
614 4182 727 4255 habet
754 4201 896 4279 partem
926 4181 1170 4278 Subalpinum
1199 4185 1433 4283 gubernium.
1458 4185 1517 4259 Eo

262 4300 480 4374 temeritatis
501 4300 613 4373 modo
627 4326 866 4397 progressum
882 4320 949 4386 est,
971 4312 1013 4375 ut
1030 4302 1075 4375 ub
1087 4303 1292 4399 irroganda
1311 4302 1521 4376 universali

261 4417 433 4491 Ecclesiae
457 4419 605 4515 injuria
622 4420 774 4492 minime
786 4421 1017 4507 abstinuerit,
1037 4421 1183 4497 civilem
1204 4423 1387 4518 impetens
1416 4422 1518 4494 Prin·

216 4539 218 4543 ’
262 4538 435 4636 cipatum,
450 4562 525 4635 quo
540 4537 645 4612 Deus
658 4536 752 4610 hanc
769 4538 808 4612 B.
826 4538 924 4612 Petri
941 4539 1080 4614 Sedem
1095 4540 1311 4615 instructam
1326 4539 1454 4626 voluit,
1470 4539 1517 4614 ad

262 4653 456 4754 apostolici
478 4654 671 4731 ministerii
694 4654 903 4731 libertatem
923 4659 1099 4732 tuendam
1118 4676 1231 4757 atque
1249 4659 1483 4734 servandam.
