3496 5482
599 496 814 550 CONCLUSIO
842 497 1034 548 PRACTICA.
1377 497 1450 566 399

194 608 242 614 ,-
312 607 333 612 .,
384 607 393 612 .
430 603 731 610 .------—-.-—-—

189 662 321 737 lubens
341 678 378 734 et
396 683 516 732 ovans
535 658 570 730 in
590 659 724 731 almam
744 655 900 741 Urbem,
921 682 1004 729 cum
1025 655 1167 755 ingenti
1190 655 1446 729 Romanorum

190 781 340 881 gaudio,
363 776 514 853 redierit
533 774 588 874 (¹).
602 773 619 801 ’¹

243 899 402 974 Beatum
422 895 521 969 hunc
543 891 740 967 Urbanum
774 889 1059 966 intercessorem
1088 891 1334 966 adhibeamus
1349 889 1450 988 apud

194 1018 329 1104 Deum,
361 1033 398 1090 et
428 1014 519 1088 faxit
541 1008 661 1085 fidelis
686 1008 950 1106 Omnipotens,
986 1026 1026 1083 ut
1060 1008 1304 1084 Beatissimus
1339 1009 1451 1084 Pater

193 1152 319 1209 noster
353 1134 433 1207 Leo
454 1132 556 1228 Papa
584 1127 701 1207 Xlll.
725 1151 812 1199 mox
851 1126 999 1201 devicta
1026 1145 1128 1201 secta
1160 1128 1385 1214 Massoniea,
1414 1127 1450 1199 in

191 1251 338 1327 civilem
385 1250 496 1325 Sedis
524 1244 752 1344 Apostolicae
799 1243 1049 1342 Principatum
1081 1245 1282 1330 restitutus,
1315 1243 1384 1317 sibi
1413 1262 1451 1319 et

192 1368 469 1444 successoribus
495 1365 581 1449 suiS,
604 1362 812 1437 necessaria
832 1361 982 1436 tandem
1002 1382 1109 1460 parta
1122 1362 1302 1449 libertate,
1320 1361 1452 1437 lubens

194 1505 231 1562 et
250 1511 369 1560 ovans
388 1509 470 1559 cum
492 1482 644 1580 ingenti,
666 1505 740 1554 non
760 1482 1020 1555 tantummodo
1041 1482 1296 1556 Romanorum
1317 1481 1383 1555 sed
1414 1499 1452 1555 et

194 1605 309 1679 totius
329 1602 444 1678 Orbis
463 1599 676 1685 Christiani,
697 1598 847 1698 gaudio,
868 1600 1114 1696 quaestionem
1137 1599 1259 1676 solvat
1274 1598 1451 1675 socialem

197 1739 432 1821 praesentem.

249 1839 361 1914 Faxit
379 1854 419 1912 ut
437 1855 475 1912 et
494 1860 573 1923 nos,
593 1833 701 1909 almae
716 1834 842 1910 Sionis
862 1834 995 1922 aemuli,
1009 1837 1172 1935 antiquae
1191 1862 1281 1912 vero
1307 1854 1345 1913 et
1356 1837 1453 1934 typi·

195 1982 248 2031 cae
294 1954 420 2029 Sionis
456 1969 612 2050 nepotes
648 1952 866 2048 spirituales,
904 1972 1017 2051 atque
1058 1954 1204 2029 realitas
1248 1954 1452 2039 sublimior,

198 2085 218 2114 “
241 2074 437 2170 Hymnum
461 2089 654 2169 cantemus
682 2071 858 2156 Domino,
879 2072 1059 2170 hymnum
1092 2098 1230 2147 novum
1260 2092 1456 2147 cantemus

201 2193 287 2267 Deo
306 2189 457 2265 nostro!

250 2308 441 2383 “Adonai
464 2306 637 2392 Domine,
656 2331 814 2405 magnus
829 2330 870 2381 es
896 2306 957 2381 Tu
982 2325 1019 2382 et
1041 2306 1238 2405 praeclarus
1266 2307 1303 2381 in
1319 2306 1457 2382 virtute

200 2447 274 2514 tua,
288 2444 326 2502 et
345 2450 456 2524 quem
476 2449 651 2521 superare
667 2449 777 2498 nemo
790 2442 925 2524 potest.

253 2544 380 2617 “Tibi
410 2540 548 2618 serviat
578 2542 700 2616 omnis
729 2561 898 2617 creatura
926 2559 999 2629 tua,
1020 2544 1107 2641 quia
1136 2544 1262 2619 dixisti
1290 2561 1328 2619 et
1358 2543 1455 2618 sacta

199 2683 310 2750 sunt;
337 2663 469 2738 misisti
497 2658 668 2758 spiritum
693 2677 797 2733 tuum
817 2679 855 2735 et
881 2678 1005 2735 creata
1027 2680 1123 2749 sunt,
1138 2680 1176 2737 et
1206 2687 1279 2736 non
1308 2679 1365 2736 est
1392 2661 1455 2759 qui

202 2782 350 2858 resistat
369 2780 453 2854 voci
471 2797 556 2853 tuae.

252 2901 450 2975 “Montes
474 2894 767 2972 asundamentis
786 2895 1036 2971 movebuntur
1061 2923 1144 2971 cum
1170 2899 1304 2996 aquis:
1332 2916 1457 2996 petrae,

200 3018 295 3093 sicut
313 3041 407 3104 cera,
429 3014 635 3113 liquescent
647 3029 735 3086 ante
754 3012 885 3088 faciem
906 3031 1019 3088 tuam.

255 3145 276 3175 “
296 3133 372 3228 Qui
390 3150 516 3207 autem
531 3131 664 3205 timent
684 3129 752 3217 Te,
774 3131 901 3229 magni
915 3150 1024 3206 erunt
1042 3136 1142 3231 apud
1162 3135 1221 3211 Te
1235 3161 1301 3232 per
1320 3136 1456 3210 omnia.

255 3263 276 3292 ‘⁸
289 3252 358 3324 Vae
375 3252 479 3349 genti
500 3251 706 3348 insurgenti
722 3277 834 3349 super
844 3277 965 3351 genus
980 3279 1104 3329 meum
1123 3281 1131 3328 :
1154 3254 1341 3328 Dominus
1360 3253 1461 3329 enim

202 3368 441 3465 omnipotens
461 3367 665 3442 vindicabit
680 3369 716 3440 in
736 3368 789 3443 eis
804 3370 811 3443 l
829 3367 874 3469 (²)
889 3370 907 3397 ''

255 3485 306 3559 Et
325 3504 375 3571 tu,
399 3485 650 3573 immaculata,
678 3504 717 3560 tu
737 3512 825 3561 vera
839 3486 980 3584 Juditb,
1010 3514 1094 3587 quae
1112 3507 1265 3565 cunctas
1297 3489 1463 3564 haereses

207 3603 288 3679 sola
312 3604 532 3679 interemisti
561 3604 596 3677 in
629 3605 804 3684 universo
839 3607 991 3694 mundo,
1025 3609 1272 3684 “Benedicta
1303 3633 1344 3683 es
1375 3625 1416 3682 tu
1442 3633 1464 3681 a

206 3723 373 3798 Domino
392 3722 477 3796 Deo
489 3721 650 3807 excelso,
658 3746 735 3820 prae
748 3724 922 3798 omnibus
943 3724 1158 3802 mulieribus
1177 3752 1289 3825 super
1304 3725 1463 3801 terram!

203 3840 502 3915 —Benedictus
530 3840 727 3927 Dominus,
748 3842 811 3939 qui
843 3844 983 3917 creavit
1008 3844 1142 3918 coelum
1170 3862 1208 3919 et
1228 3863 1378 3930 terram,
1400 3843 1464 3942 qui

205 3979 243 4033 te
274 3958 410 4033 direxit
442 3958 479 4031 in
506 3957 659 4034 vulnera
686 3960 819 4055 capitis
845 3961 1023 4060 principis
1048 3961 1282 4037 inimicorum
1321 3977 1467 4035 nostro·

206 4100 287 4150 rum
305 4073 360 4175 (³)
375 4075 392 4103 ”

262 4194 415 4267 lnterim
453 4194 640 4268 humiliter
682 4213 720 4268 et
757 4194 990 4271 confidenter
1028 4222 1178 4273 oremus
1221 4196 1342 4272 adhuc
1383 4218 1466 4270 cum

209 4310 405 4386 Ecclesia:
433 4323 454 4351 “
472 4312 586 4397 Deus,
607 4312 670 4409 qui
689 4312 736 4387 ad
756 4313 895 4387 tuenda
924 4313 1068 4390 fortiter
1095 4315 1205 4390 Sedis
1233 4310 1468 4412 Apostolicae

246 4498 266 4538 r.
287 4485 419 4554 Append.
434 4486 515 4540 Brev.
531 4486 622 4555 Rom,
638 4500 677 4554 19.
693 4487 762 4543 Dec
775 4487 802 4540 N
806 4496 862 4543 oct.
875 4487 927 4544 VI.

244 4577 267 4615 2.
280 4563 398 4632 judith,
412 4575 476 4632 xvt,
494 4576 580 4633 15·2o.

132 4709 138 4721 ⁸
245 4656 268 4712 3.
289 4642 451 4712 Ibr'd.,x1u,
466 4658 556 4715 2344.
