3496 5482
664 523 787 575 CAPUT
815 522 964 574 NONUM.
1382 528 1449 579 201

191 678 422 776 Principatus
453 679 602 777 jurium.
626 678 896 753 Perlustremus
914 698 1022 778 gesta
1036 680 1130 778 juris
1149 680 1284 778 publici
1303 707 1387 778 quae
1406 681 1454 755 ab

131 831 136 840 ·
189 798 342 873 ineunte
379 797 516 873 saeculo
546 824 748 874 occurrere.
791 798 926 873 Totius
955 800 1053 873 enim
1081 800 1222 874 ordinis
1249 800 1388 898 politici
1417 802 1452 875 in

189 918 343 1016 Europa
370 943 469 993 anno
489 923 580 1013 1815
598 918 907 1004 reaedificati,haec
923 918 1028 992 firma
1041 936 1079 994 et
1094 919 1213 993 solida
1232 921 1331 994 basis
1349 940 1453 995 erat:

187 1036 406 1133 principium
436 1038 612 1136 legitimae
630 1037 878 1134 possessionis
897 1055 935 1110 et
952 1036 1153 1135 agnitionis
1167 1038 1262 1136 juris
1276 1064 1323 1112 ex
1339 1037 1452 1113 histo-

189 1156 240 1228 ria
281 1174 318 1228 et
349 1182 396 1230 ex
426 1156 627 1230 loederibus
656 1143 887 1252 comprobati
907 1152 962 1253 (¹).
987 1156 1065 1230 Sed
1091 1180 1188 1230 nunc
1216 1155 1295 1230 haec
1320 1177 1453 1231 cuncta

184 1274 262 1371 jam
298 1292 384 1349 sunt
412 1275 460 1349 de
489 1274 586 1348 sacto
617 1299 749 1349 eversa
774 1292 886 1371 atque
914 1273 1105 1348 destructa
1137 1275 1173 1348 in
1205 1275 1453 1351 aestimatione

190 1394 429 1492 populorum;
448 1414 647 1492 supersunt
661 1394 750 1470 solae
763 1395 952 1488 ruinae.....
969 1395 1175 1491 repudiatae
1189 1420 1281 1470 vero
1298 1412 1453 1470 manent

100 1519 102 1522 ’
189 1531 323 1609 partes,
345 1513 415 1588 ie.
436 1513 620 1589 elementa
640 1512 851 1588 essentialia
870 1514 1011 1609 antiqui
1027 1513 1121 1611 juris
1140 1512 1331 1611 gentium!

243 1630 467 1728 Principium
486 1629 642 1730 legitimi
667 1631 760 1729 juris
783 1649 820 1705 et
849 1632 969 1728 ipsum
985 1632 1049 1728 jus
1068 1630 1255 1728 publicum
1276 1632 1372 1706 inter
1391 1657 1452 1704 na-

190 1750 310 1824 tiones
329 1752 462 1850 partim
483 1749 652 1826 evulsum
672 1770 729 1824 est
757 1752 805 1824 ab
824 1753 913 1848 ipsis
933 1752 1123 1827 modernis
1141 1753 1345 1850 guberniis,
1366 1778 1451 1826 con·

188 1869 353 1964 spirante
374 1871 409 1944 N
416 1869 599 1967 apoleone
618 1858 693 1955 lll,
710 1871 845 1967 partim
861 1870 897 1943 in
916 1871 1204 1945 desuetudinem
1224 1871 1330 1968 quasi
1349 1871 1450 1956 abiit,

189 2004 228 2059 ut
248 1988 536 2064 substitueretur
560 1990 623 2088 jus
648 2014 798 2074 novum,
825 1988 888 2086 jus
918 1988 1151 2076 modernum,
1175 1989 1239 2087 jus
1259 1989 1450 2065 factorum.

193 2103 245 2178 Et
267 2104 345 2179 haec
363 2108 488 2180 omnia
508 2108 669 2180 maxime
688 2107 908 2206 inaugurata
936 2126 1023 2181 sunt
1052 2124 1090 2181 et
1121 2107 1360 2204 applicationi
1381 2128 1452 2181 tra·

190 2225 268 2300 dita
287 2227 322 2299 in
342 2227 549 2324 quaestione
572 2226 757 2301 Romana!
790 2226 891 2300 Huic
911 2226 1057 2300 nefasto
1084 2225 1336 2324 phantasmati
1364 2227 1452 2300 novi

186 2345 279 2442 juris
299 2344 489 2419 immolata
517 2345 664 2419 suerunt
694 2364 730 2418 et
761 2344 977 2442 legitimitas
1004 2362 1231 2441 potestatum
1253 2345 1448 2440 regiarum,

190 2483 227 2537 et
250 2466 427 2540 sanctitas
441 2467 735 2541 conventionum
756 2466 1007 2561 initorumque
1026 2464 1218 2551 foederum,
1240 2484 1353 2563 atque
1373 2483 1451 2541 tan·

189 2581 275 2656 dem
295 2609 368 2679 pax
386 2604 424 2658 et
445 2584 592 2681 publica
611 2583 858 2681 tranquillitas
878 2584 1081 2658 nationum.

244 2701 349 2776 Basis
368 2721 405 2777 et
424 2704 706 2777 fundamentum
721 2702 815 2801 juris
832 2702 920 2775 novi
936 2701 1084 2775 videtur
1098 2702 1167 2776 hoc
1185 2700 1364 2799 adagium
1384 2703 1448 2776 im·

191 2819 360 2915 piorum:
388 2832 408 2859 ‘⁸
429 2821 697 2918 Opprimamus
727 2845 929 2917 pauperem
959 2820 1149 2917 justum...
1183 2820 1241 2895 Sit
1274 2819 1451 2895 fortitudo

192 2956 319 3011 nostra
338 2937 397 3011 lex
413 2939 568 3037 justitiae
588 2937 643 3038 (²).
664 2939 679 2965 ’¹

244 3056 356 3151 Quod
376 3056 492 3155 vulgo
510 3057 753 3130 enunciatur:
774 3066 793 3095 ⁴‘
812 3057 873 3129 La
881 3056 992 3153 force
1001 3056 1129 3153 prime
1146 3057 1180 3128 le
1195 3055 1309 3131 droit.
1328 3055 1346 3083 '’

245 3175 399 3249 Nullum
420 3202 584 3273 unquam
604 3175 825 3272 principium
845 3175 904 3249 vel
924 3192 1089 3273 systema
1121 3175 1389 3273 promptiorem
1409 3200 1451 3249 ac

191 3293 518 3390 implacabiliorem
552 3297 681 3372 habuit
711 3295 1010 3394 applicationem,
1031 3321 1142 3394 quam
1168 3297 1343 3394 adagium
1362 3295 1451 3371 illud

193 3413 279 3486 usit
313 3413 490 3487 fortitudo
522 3431 648 3489 nostra
676 3414 737 3488 lex
763 3414 920 3513 justitiae
939 3413 956 3441 ''
978 3414 1120 3489 invenit
1150 3414 1186 3487 in
1207 3414 1451 3511 occupatione

191 3530 363 3603 Statuum
397 3531 686 3618 Pontificiorum,
710 3532 745 3604 in
775 3531 968 3606 invasione
1001 3530 1128 3617 Urbis,
1148 3557 1191 3605 ac
1217 3530 1253 3604 in
1274 3532 1449 3629 praesenti

190 3649 409 3724 detentione
431 3652 563 3725 Romae
582 3651 738 3748 ejusque
761 3651 995 3747 Principatus
1014 3651 1083 3725 sub
1099 3652 1182 3725 suco
1200 3651 1363 3740 unitatis,
1385 3678 1447 3726 na·

191 3767 416 3855 tionalitatis‚
438 3795 626 3867 expressae
646 3769 848 3845 voluntatis
866 3768 993 3868 populi
1018 3768 1145 3843 Italici.
1163 3771 1236 3844 Ast
1252 3779 1272 3810 “
1287 3796 1354 3868 per
1365 3796 1450 3868 quae

191 3886 273 3982 quis
293 3905 420 3984 peccat
440 3914 505 3985 per
520 3888 598 3962 haec
618 3905 655 3962 et
675 3905 876 3985 torquetur.
894 3888 909 3914 ''
924 3888 1063 3962 Adstat
1076 3887 1156 3985 jam
1174 3887 1340 3963 vindicta
1362 3889 1446 3963 Dei.
1497 3941 1502 3950 ·

194 4005 344 4077 Etenim
382 4005 480 4079 nulla
508 4006 707 4103 applicatio
734 4006 829 4104 juris
857 4006 943 4079 novi
972 4006 1154 4080 funestior
1183 4004 1251 4080 suit
1284 4006 1449 4104 Europae

192 4123 441 4209 societatibus,
462 4123 560 4197 nulla
579 4123 763 4198 efficacior
781 4149 944 4219 unquam
958 4122 1025 4198 luit
1039 4124 1085 4197 ad
1105 4123 1321 4198 excitandas
1335 4149 1451 4222 popu·

190 4236 308 4312 lorum
322 4258 462 4314 turmas
474 4241 645 4315 adunitas
657 4260 697 4315 ut
714 4266 835 4316 rerum
856 4241 1073 4338 potirentur.
1097 4241 1211 4340 Ergo,
1233 4242 1265 4314 si
1278 4259 1449 4339 potenta-

190 4374 249 4430 tus
260 4382 305 4430 eo
321 4359 500 4455 principio
516 4361 570 4432 usi
586 4376 671 4433 sunt
684 4359 730 4433 ad
741 4358 986 4434 evertendum
996 4359 1171 4456 Regnum
1186 4359 1450 4434 etDominium

231 4612 252 4651 1.
274 4599 387 4729 gazem
399 4603 568 4656 unr'aerselle
579 4603 791 4672 d'Augsbourg,
806 4616 818 4671 5
836 4602 896 4655 Mai
913 4601 988 4666 1867.

228 4690 253 4730 2.
296 4683 451 4748 ap.,11,11.
