3496 5482
658 575 780 627 capua
807 574 972 626 saxruu.
1376 578 1445 649 139

243 734 462 835 “Ignotum
493 759 568 809 non
599 751 657 808 est
688 734 894 831 praecipuos
922 733 1003 810 illos
1035 734 1145 835 hujus
1173 734 1446 811 scelestissimae

192 852 477 927 machinationis
506 851 729 928 architectos
757 877 803 926 eo
832 853 984 927 tandem
1013 871 1194 951 spectare,
1217 872 1258 929 ut
1277 855 1446 954 populos,

191 971 293 1045 omni
312 996 572 1069 perversarum
591 971 847 1046 doctrinarum·
874 987 989 1046 vento
1017 972 1190 1070 agitatos,
1224 972 1271 1046 ad
1294 973 1448 1048 subver-

188 1089 333 1163 sionem
362 1088 554 1187 impellant
583 1089 697 1163 totius
725 1089 866 1164 ordinis
895 1088 1140 1165 humanarum
1173 1115 1307 1179 rerum,
1335 1107 1448 1189 atque

192 1206 240 1280 ad
260 1207 400 1283 nefaria
419 1207 506 1282 novi
524 1207 728 1282 soczblztmi
752 1224 791 1282 et
820 1207 1078 1282 communioni
1101 1226 1307 1306 systemata
1325 1210 1448 1284 tradu-

191 1342 277 1399 cant
292 1322 346 1426 (¹)
363 1325 381 1352 ”

244 1445 443 1520 “Constat
474 1462 610 1533 autem,
646 1445 736 1544 ipsis
764 1470 831 1520 seu
859 1443 1117 1520 communismz'
1144 1470 1211 1519 seu
1250 1430 1453 1535 soczolz'rmz'

190 1563 389 1663 magistris,
410 1564 558 1638 diversa
582 1563 667 1638 licet
693 1563 753 1636 via
771 1588 814 1637 ac
833 1562 1013 1637 methodo
1032 1563 1241 1663 agentibus,
1271 1564 1360 1653 illud
1385 1568 1448 1641 de·

191 1690 291 1756 mum
311 1708 509 1757 commune
540 1708 624 1757 esse
655 1682 898 1779 propositum,
927 1697 966 1754 ut
996 1681 1187 1778 operarios
1216 1701 1330 1781 atque
1356 1683 1448 1759 alios

193 1800 376 1875 inferioris
407 1801 612 1897 praesertim
642 1816 761 1874 status
789 1797 970 1887 homines,
989 1799 1066 1873 suis
1084 1799 1264 1896 deceptos
1283 1800 1446 1890 fallaciis,

192 1935 230 1993 et
249 1917 435 1993 faustioris
454 1917 678 1992 conditionis
692 1916 940 2014 promissione
971 1915 1109 2004 illusos
1139 1918 1325 1992 continuis
1349 1944 1448 1994 com·

192 2036 420 2111 motionibus
449 2035 651 2133 exagitent,
672 2052 786 2134 atque
804 2034 851 2108 ad
869 2034 1044 2132 graviora
1075 2033 1252 2132 paulatim
1286 2035 1449 2112 facinora

195 2173 415 2241 exerceant;
435 2172 474 2226 ut
493 2153 734 2250 postmodum
754 2150 899 2226 illorum
912 2177 1027 2248 opera
1041 2154 1094 2226 uti
1110 2153 1255 2249 possint
1273 2153 1322 2227 ad
1340 2180 1448 2252 supe·

195 2275 301 2349 rioris
319 2275 500 2373 cujusque
518 2273 749 2347 auctoritatis
769 2271 936 2372 regimen
956 2271 1261 2371 oppugnandum,
1277 2272 1325 2347 ad
1345 2275 1447 2371 expi-

192 2392 333 2479 landas,
366 2391 604 2488 diripiendas,
635 2390 694 2464 vel
724 2389 957 2465 invadendas
990 2389 1171 2465 Ecclesiae
1197 2391 1367 2487 primum,
1404 2418 1448 2466 ac

192 2512 328 2586 deinde
346 2509 501 2584 aliorum
520 2534 841 2607 quorumcumque
859 2509 1106 2605 proprietates
1126 2505 1207 2609 (²).''
1298 2501 1300 2506 ’

190 2696 194 2709 ,
246 2628 336 2701 “Ex
356 2628 546 2724 occupatis
565 2625 833 2724 temporalibus
852 2625 960 2700 bonis
985 2626 1032 2699 ad
1054 2624 1261 2700 Ecclesiam
1281 2625 1449 2726 legitimo

194 2746 432 2845 proprietatis
459 2747 544 2844 jure
576 2745 842 2843 spectantibus,
872 2744 1030 2843 contigit
1060 2762 1101 2818 ut
1137 2744 1377 2820 decrescente
1412 2744 1449 2818 in

192 2864 339 2963 populis
371 2864 581 2939 reverentia
600 2891 691 2964 erga
709 2864 957 2962 proprietates
986 2861 1176 2963 religionis
1199 2864 1449 2940 destinatione

192 3003 438 3070 consecratas,
461 2982 564 3057 multi
584 2984 669 3057 hinc
690 2983 872 3058 faciliores
904 2983 1114 3081 praeberent
1142 3008 1251 3057 aures
1282 2985 1447 3059 audacis·

192 3105 295 3179 simis
315 3107 403 3182 novi
421 3106 623 3181 socz'alz'smi
638 3125 675 3180 et
693 3107 951 3182 communismz'
966 3106 1213 3180 assertoribus
1233 3104 1287 3206 (³).
1305 3108 1321 3145 ’'

241 3239 300 3302 23.
324 3227 378 3300 Ut
397 3226 530 3301 merito
548 3225 708 3300 affirmat
730 3228 809 3301 Leo
829 3226 1043 3300 Xlllsecta
1065 3225 1280 3300 Massonica
1304 3237 1450 3301 summa

191 3345 461 3419 sententiarum
485 3344 607 3440 capita
635 3345 848 3419 communia
880 3343 993 3418 habet
1022 3368 1106 3417 cum
1126 3342 1333 3419 socialistis.
1359 3346 1448 3420 Ete-

193 3462 294 3536 nim:

242 3578 300 3680 (ι)
318 3578 460 3654 Volunt
478 3605 610 3654 omnes
629 3579 786 3666 scholas,
809 3580 922 3655 etiam
938 3578 1155 3680 puellarum,
1177 3600 1198 3652 a
1213 3579 1395 3680 religione
1413 3600 1450 3655 et

191 3702 290 3777 clero
309 3703 530 3776 subtrahere
546 3730 554 3789 ;

244 3817 300 3920 (2)
321 3821 446 3919 Leges
465 3846 596 3894 omnes
615 3846 637 3894 a
654 3819 820 3917 qualibet
839 3820 926 3895 cleri
959 3820 1180 3895 auctoritate
1211 3819 1450 3895 severissime

192 3938 310 4026 tueri;

241 4052 299 4154 (3)
318 4056 483 4131 Ordines
501 4081 671 4154 quosque
691 4055 885 4157 religiosos
905 4055 1096 4130 amandari
1112 4081 1119 4140 ;

241 4172 298 4273 (4)
321 4173 549 4247 Universum
569 4173 859 4249 ecclesiasticum
876 4173 1139 4270 patrimonium
1160 4172 1348 4256 la'r'cizare;

242 4289 298 4391 (5)
321 4302 341 4329 ‘⁴
364 4289 565 4379 Ecclesiae,
587 4318 663 4379 seu,
686 4313 725 4366 ut
743 4293 856 4379 aiunt,
877 4292 1055 4367 clericalis
1083 4291 1313 4365 auctoritatis
1344 4317 1449 4366 exer·

190 4410 331 4483 cendae
345 4409 407 4507 jus
434 4435 560 4482 arcere
591 4436 612 4483 a
638 4411 770 4508 quavis
803 4410 949 4507 publica
978 4408 1299 4484 administratione
1316 4436 1323 4494 ;
1340 4436 1361 4483 a
1379 4410 1449 4506 piis

195 4539 404 4644 ”Rus-rh,
419 4579 535 4646 Encycl.
550 4542 656 4648 Nostri,
670 4581 686 4633 8
702 4581 770 4634 Dec.
790 4580 864 4646 1849.
881 4542 993 4633 Rern-eil
1002 4579 1050 4632 (les
1062 4540 1333 4646 allochc.,p—242.

228 4672 251 4710 2.
273 4657 352 4724 lbra,
362 4674 389 4726 p.
405 4669 464 4724 250.

228 4752 252 4805 3.
267 4736 346 4803 lad,
360 4753 385 4806 p.
401 4737 460 4805 258.
