3496 5482
615 524 736 574 CAPUT
765 524 955 572 Decimum.
1344 527 1415 598 223

118 686 252 760 ·sicut
306 683 384 758 lieri
431 708 543 782 posse
588 682 816 756 declaratum
866 701 923 756 est
967 708 990 754 a
1043 683 1201 755 concilio
1256 686 1418 760 status?

208 799 402 898 Quidquid
422 800 480 887 sit,
515 800 616 896 Papa
645 799 798 898 indiget,
830 799 882 872 uti
911 815 1068 885 constat,
1095 797 1277 887 libertate,
1298 827 1418 901 eaque

157 944 255 999 vera.
282 917 404 992 stabili
417 936 531 1015 atque
550 916 775 1014 plenissima.
793 917 877 1012 Jam
892 941 983 990 vero
995 940 1233 1013 summopere
1252 919 1419 1014 precaria

158 1060 302 1110 necnon
339 1034 518 1109 derisoria
559 1050 617 1107 est
655 1033 858 1107 auctoritas
901 1031 962 1107 illa
993 1052 1031 1106 et
1059 1033 1211 1108 libertas
1256 1059 1340 1131 quae
1371 1060 1418 1109 ex

156 1153 399 1228 concessione
423 1151 595 1251 gubernii
630 1150 747 1226 Italici
781 1168 838 1225 est
870 1168 984 1248 atque
1019 1170 1230 1241 exercetur;
1259 1178 1419 1251 quaeque

157 1273 315 1371 proinde
347 1298 393 1346 ex
427 1272 621 1345 voluntate
648 1291 712 1346 aut
743 1271 848 1345 libitu
880 1272 1122 1346 concedentis
1153 1272 1353 1369 dependet,
1381 1273 1419 1346 vi

120 1384 123 1390 ’
157 1389 278 1464 aliena
310 1389 489 1475 subsistit,
519 1415 587 1463 nec
609 1414 675 1463 eos
691 1388 790 1463 valet
818 1389 911 1463 fines
931 1389 1184 1488 praetergredi,
1209 1416 1304 1487 quos
1336 1392 1405 1489 ipsi

157 1507 380 1607 gubernium
401 1507 578 1605 assignat.
602 1507 707 1580 Hinc·
725 1506 765 1581 fit
783 1525 823 1581 ut
843 1508 966 1581 omnis
985 1508 1252 1606 cujuscumque
1269 1510 1419 1608 generis

158 1626 281 1699 cautio
307 1623 396 1698 nihil
416 1625 463 1699 sit
482 1623 580 1698 aliud
600 1650 712 1722 quam
733 1650 822 1699 vera
841 1624 971 1710 illusi0,
994 1650 1083 1699 vera
1110 1625 1317 1722 hypocrisis
1336 1625 1391 1727 (¹)

210 1741 413 1838 Quomodo
432 1767 631 1840 personam
650 1768 693 1815 ac
712 1741 923 1817 libertatem
948 1743 1061 1840 Papa:
1079 1768 1248 1817 securam
1266 1768 1418 1819 servare

158 1881 312 1958 possent
339 1886 453 1958 quum
472 1879 510 1936 et
530 1886 576 1935 ne
600 1861 750 1959 quidem
774 1862 837 1960 jus
869 1861 1107 1960 proprietatis
1134 1863 1204 1961 ipsi
1233 1861 1418 1939 incolume

158 1979 344 2054 servent?
815 2077 817 2081 Α

210 2097 351 2192 Quanti
377 2093 525 2168 valeant
557 2094 710 2168 famosae
740 2094 913 2193 gubernii
946 2094 1063 2171 ltalici
1094 2097 1296 2186 cautiones,
1328 2125 1417 2175 mox

158 2217 278 2314 patuit
297 2242 317 2289 e
336 2213 601 2289 confiscatione
619 2213 744 2313 palatii
765 2213 979 2308 Quirinalis.
997 2215 1149 2290 Etenim
1166 2215 1267 2291 nullo
1286 2217 1415 2293 habito

158 2333 339 2431 obsequio
367 2332 416 2405 ad
447 2332 716 2418 auctoritatem,
738 2332 1021 2418 immunitatem,
1042 2335 1416 2409 extraterritorialita·

159 2470 234 2527 tem
255 2449 382 2548 (quam
396 2447 600 2548 appellant)
619 2450 817 2548 regiasque
831 2451 1113 2549 praerogativas,
1129 2476 1223 2548 quas
1241 2477 1417 2549 supremo

162 2569 343 2646 Ecclesiae
362 2569 472 2666 capiti
492 2568 667 2668 elargitas
686 2595 770 2642 esse
802 2569 984 2664 jactitavit
1002 2569 1238 2668 gubernium,
1259 2572 1418 2647 ministri

159 2691 240 2789 ejus
279 2705 468 2785 portarum
499 2687 591 2761 seris
618 2687 767 2773 avulsis,
805 2686 999 2781 Quirinale
1031 2687 1209 2784 palatium
1240 2689 1419 2765 invadere

158 2810 236 2883 ausi
256 2825 352 2892 sunt,
374 2806 561 2904 palatium,
584 2808 745 2903 inquam,
767 2807 869 2904 quod
888 2807 934 2879 ad
954 2805 1056 2880 solos
1078 2807 1271 2881 Romanos
1294 2810 1417 2884 Ponti·

158 2927 246 3001 fices
265 2925 427 3023 pertinet
443 2926 566 3022 inquo
584 2925 805 2999 commorari
825 2925 996 2998 solebant
1016 2926 1177 3022 ideoque
1204 2925 1418 3023 “palatium

158 3048 418 3147 Apostolicum
433 3050 450 3075 ''
467 3048 992 3146 nuncupatumNihilominus
1011 3050 1112 3122 aedes
1127 3048 1198 3123 illae
1208 3050 1288 3148 jam
1302 3050 1420 3124 tribus

157 3166 292 3241 abhinc
312 3167 456 3240 saeculis
475 3166 643 3239 aestivam
663 3164 883 3240 Pontificum
898 3166 1026 3240 sedem
1040 3167 1322 3254 constituentes,
1334 3194 1419 3243 con·

158 3285 252 3360 clavi
271 3306 308 3361 et
325 3287 553 3384 Apostolicis
567 3287 775 3361 secretariis
783 3287 927 3383 jamdiu
942 3287 1189 3361 inservientes
1204 3285 1248 3388 (²)
1263 3313 1419 3386 occupa·

115 3448 117 3452 ·
159 3424 207 3479 tae
225 3423 311 3481 sunt
330 3433 352 3480 a
370 3405 642 3503 spoliatoribus.
666 3404 717 3479 Et
736 3424 827 3504 quot
843 3406 1085 3503 spoliationes
1100 3406 1284 3480 bonorum
1303 3407 1419 3483 eccle·

158 3526 392 3600 siasticorum
405 3545 536 3623 postea
552 3552 676 3600 nonne
688 3527 898 3601 subsecutae
912 3546 999 3600 sunt
1017 3528 1190 3624 ;quando
1208 3553 1308 3602 anno
1325 3513 1420 3604 1880

159 3644 257 3717 bona
275 3644 559 3742 congregationi
582 3645 840 3742 Propagandae
859 3644 944 3717 fidei
967 3646 1116 3719 addicta
1139 3665 1177 3719 et
1202 3672 1301 3719 anno
1326 3650 1421 3740 1890

158 3763 256 3836 bona
292 3763 467 3859 operibus
499 3763 569 3860 piis
604 3782 831 3850 consecrata,
862 3782 975 3861 atque
1005 3765 1217 3861 nuperrime
1253 3764 1420 3840 redditus

158 3882 509 3957 catechumenorum
529 3884 663 3981 operis,
685 3883 868 3958 violenter
885 3885 1043 3982 abrepta
1062 3884 1209 3959 luerunt
1228 3883 1243 3957 ?

211 3999 299 4094 Quo
328 4001 448 4098 magis
478 4001 672 4100 magisque
703 4001 797 4077 fides
839 4002 1104 4100 comprobetur
1132 4028 1206 4100 qua
1249 4000 1418 4076 Italicum

158 4117 380 4217 gubernium
404 4119 521 4214 jactet
552 4120 734 4216 promissa
760 4119 1030 4217 cautionesque
1049 4119 1236 4218 praestitas
1255 4143 1417 4204 servare,

160 4253 274 4332 utque
292 4235 424 4308 clarius
443 4236 651 4311 innotescat
669 4263 841 4335 quaenam
871 4238 919 4311 sit
938 4236 1230 4341 independentia
1248 4262 1290 4310 ac
1311 4234 1418 4311 liber·
1520 4298 1521 4303 ,

160 4368 216 4427 tas
235 4352 346 4426 etiam
367 4352 403 4425 in
417 4353 613 4448 potestatis
627 4353 827 4451 spiritualis
845 4355 1024 4429 exercitio
1042 4355 1155 4451 Papae
1175 4351 1312 4439 relicta,
1328 4352 1419 4426 satis

200 4604 220 4644 1.
242 4590 325 4644 Card.
339 4588 490 4644 Autonelli.
507 4590 588 4643 Instr.
604 4591 640 4645 ad
656 4589 787 4645 Nuntios.
801 4593 818 4645 8
833 4593 906 4646 Νον.
924 4592 998 4659 1870.

197 4685 221 4725 2.
236 4670 389 4740 Antonelli,
402 4684 419 4740 9
434 4670 506 4726 Nov.
525 4669 599 4736 1870.
