3496 5482
384 482 429 488 -
571 479 664 485 ,.,,,,,,-
681 480 685 482 .
699 479 790 484 -..—..
802 479 878 484 ...Ν
912 480 1011 485 -...-,
1045 478 1386 490 -..-..-----..-.,.
1379 484 1440 490 ..-...
1449 483 1506 489 -ιι-

676 532 800 590 cnrur'
827 537 1075 590 uuunmuuu.
1435 539 1502 611 251

244 648 406 655 ——.——
424 646 572 653 —--—.—-
859 645 1014 651 --.--—
1019 645 1140 651 ψ.
1137 646 1506 654 .-——--—..—.—.—--—-

242 731 309 803 pas
327 707 388 780 ete
400 731 449 778 un
462 704 527 778 sair
541 702 919 799 systematiquement
938 702 1132 797 poursuivi
1147 720 1184 776 et
1204 704 1339 777 atteint
1351 728 1399 775 au
1420 727 1506 775 nom

243 824 330 899 d’un
350 823 515 921 principe
535 818 716 894 rationnel
735 845 783 893 ou
802 820 912 894 d'une
924 820 1136 916 pretention
1154 821 1377 895 ambitieuse
1393 819 1507 907 ;mais

245 943 335 1017 c'est
353 942 388 1015 la
406 941 580 1026 necersz'tl,
602 963 674 1011 une
698 937 881 1012 necessite
900 937 1029 1012 intime
1043 955 1080 1012 et
1098 938 1274 1014 continue
1293 941 1356 1038 qui
1375 938 1507 1015 avrai-

247 1080 350 1135 ment
365 1059 514 1158 produit
527 1077 565 1133 et
578 1057 770 1131 maintenu
783 1082 827 1131 ce
844 1055 910 1129 fait
928 1055 1110 1131 atravers
1122 1073 1246 1132 toutes
1264 1077 1385 1133 sortes
1403 1057 1506 1133 d’ob·

248 1175 392 1252 stacies.

300 1304 320 1334 ‘⁴
342 1295 402 1369 Eu
422 1294 661 1392 rempiissant
678 1313 717 1370 et
735 1320 830 1393 pour
852 1294 1003 1393 tempiir
1021 1321 1062 1370 sa
1077 1294 1242 1382 mission,
1263 1321 1311 1371 en
1330 1313 1507 1394 exerpant

246 1431 285 1488 ct
303 1439 397 1510 pour
414 1439 568 1489 exercer
585 1440 653 1488 son
669 1414 827 1512 pouvoir
844 1413 1021 1510 spirituei,
1039 1414 1073 1488 la
1088 1413 1250 1512 papaute
1269 1437 1291 1484 a
1309 1437 1356 1486 eu
1375 1411 1507 1485 besoin

247 1532 567 1630 d’independance
582 1552 619 1608 et
634 1534 744 1608 d'une
763 1533 927 1607 certaine
946 1558 1093 1608 mesure
1112 1532 1307 1608 d’autorire
1322 1529 1505 1605 materiei·

247 1649 281 1725 le
297 1680 305 1738 ;
324 1649 395 1725 elle
413 1650 467 1725 les
498 1677 520 1724 a
549 1652 720 1749 acquises
746 1650 898 1726 d’abord
925 1652 1020 1725 dans
1041 1652 1172 1737 Rome,
1194 1649 1278 1747 puis
1297 1666 1432 1722 autour
1458 1649 1506 1723 de

250 1769 382 1854 Rome,
404 1770 487 1866 puis
502 1770 596 1844 dans
615 1769 775 1844 d’autres
801 1768 938 1865 parties
957 1769 1004 1843 de
1022 1768 1166 1853 l'Italie,
1188 1767 1507 1841 successivement

246 1904 283 1960 et
302 1883 323 1957 ὲ
342 1884 409 1960 des
429 1887 535 1962 titres
553 1886 679 1961 divers
696 1915 704 1975 ;
723 1886 878 1960 d'abord
897 1911 1043 1961 comme
1071 1886 1334 1984 magistrature
1353 1886 1506 1961 munici-

246 2002 339 2100 pale,
358 2004 442 2101 puis
459 2031 606 2082 comme
626 2005 869 2104 proprie'taire
884 2004 1080 2079 territorial
1099 2023 1137 2079 et
1155 2030 1202 2079 en
1222 2024 1331 2081 vertu
1349 2006 1400 2080 du
1416 2032 1506 2103 pou·

246 2124 329 2198 voir
346 2123 527 2222 polirique
557 2127 728 2201 inherent
747 2124 885 2199 alorsa
912 2123 946 2198 la
974 2125 1172 2222 propriete',
1194 2123 1278 2220 puis
1305 2122 1327 2197 ‘a
1354 2123 1441 2201 titre
1458 2125 1507 2202 de

246 2243 509 2318 souverainete
527 2242 651 2342 pleine
668 2260 707 2317 et
724 2241 874 2316 directe.

299 2370 320 2399 ‘⁴
342 2359 417 2434 Les
435 2361 672 2458 possessions
690 2378 728 2435 et
746 2358 781 2434 le
799 2378 1099 2457 gouvernement
1113 2377 1199 2434 sont
1211 2385 1330 2436 venus
1348 2357 1372 2433 ὲ
1389 2358 1425 2433 la
1441 2386 1506 2457 pa·

244 2480 357 2575 paute
383 2504 530 2554 comme
556 2504 605 2553 un
637 2477 845 2576 appendice
876 2476 1019 2552 naturel
1039 2495 1076 2553 et
1095 2505 1145 2552 un
1164 2477 1277 2576 appui
1298 2479 1506 2555 neeessaire

244 2595 292 2669 de
310 2621 352 2670 sa
369 2597 513 2695 grande
532 2596 707 2671 situation
728 2594 978 2694 religieuse,et
992 2593 1014 2668 ὲ
1028 2620 1176 2671 mesure
1188 2621 1263 2693 que
1276 2613 1377 2672 cette
1394 2597 1505 2673 situa-

247 2713 324 2787 tion
339 2739 381 2788 se
399 2713 676 2814 developpait.

298 2829 441 2905 “Cest
459 2857 506 2905 en
524 2833 714 2908 devenant
732 2831 821 2907 ches
834 2832 883 2907 de
901 2831 922 2905 l'
928 2810 1059 2931 Eglise
1086 2849 1124 2906 et
1142 2857 1236 2929 pour
1255 2832 1358 2908 l'etre
1377 2833 1505 2910 reelle·

245 2966 347 3024 ment
366 2974 440 3047 que
458 2948 492 3023 le
514 2951 615 3048 Pape
633 2969 691 3026 est
709 2951 857 3029 devenu
872 2949 1072 3024 souverain
1091 2948 1177 3022 dun
1199 2927 1301 3027 Etat.

297 3068 440 3142 “Ainsi
452 3071 608 3144 amende
627 3095 694 3203 par
712 3068 745 3143 le
764 3094 872 3142 cours
892 3067 1035 3142 naturel
1055 3069 1122 3142 des
1141 3068 1274 3142 choses
1292 3086 1330 3142 et
1349 3042 1384 3142 la
1403 3068 1505 3144 force

243 3185 310 3259 des
329 3186 535 3273 situations,
555 3186 692 3260 l’union
712 3186 779 3261 des
798 3186 898 3259 deux
926 3186 1104 3282 pouvoirs
1123 3186 1217 3259 dans
1242 3185 1277 3258 la
1294 3187 1457 3283 papaute
1483 3211 1505 3259 a

244 3329 290 3377 eu
310 3328 357 3376 un
375 3302 527 3378 resultat
548 3303 690 3378 naturel
709 3303 818 3390 aussi,
831 3303 995 3401 quoique
1009 3305 1195 3401 imprevu;
1208 3302 1279 3378 elle
1297 3329 1319 3376 a
1338 3303 1451 3378 etabli
1466 3322 1505 3378 et

243 3422 308 3497 fait
327 3422 513 3519 prevaloir
531 3423 610 3496 leur
627 3422 843 3497 distinction
864 3440 1012 3518 partout
1030 3421 1179 3497 ailleurs
1198 3421 1253 3523 (¹).
1271 3421 1288 3449 '’

294 3539 336 3613 Si
367 3540 537 3614 ministro
568 3539 744 3614 haeretico
775 3539 932 3636 aliisque
959 3538 1145 3614 historicis
1175 3541 1281 3637 quasi
1313 3542 1505 3615 naturalis

242 3658 390 3731 videtur
425 3658 513 3732 unio
552 3658 786 3754 Principatus
821 3682 905 3730 cum
945 3655 1168 3731 Pontificatu
1207 3683 1395 3755 supremo,
1433 3657 1504 3733 hoc

241 3776 378 3850 exinde
414 3777 588 3873 provenit
622 3775 724 3872 quod
760 3774 888 3848 divina
917 3775 1112 3872 Sapientia
1141 3776 1308 3849 suaviter
1338 3775 1504 3873 disponit

242 3893 368 3966 omnia
385 3921 392 3980 ;
410 3894 477 3968 sed
510 3894 642 3967 modus
660 3917 736 3989 quo
765 3891 861 3965 sacta
880 3910 938 3966 est
968 3910 1006 3966 et
1025 3893 1232 3989 praesertim
1265 3917 1340 3989 quo
1363 3917 1430 3989 per
1448 3909 1504 3966 tot

242 4009 377 4083 saecula
396 4009 652 4108 perseveravit
675 4008 754 4082 haec
778 4008 866 4082 unio
885 4010 1013 4106 nequit
1043 4008 1220 4106 explicari
1240 4008 1309 4082 nisi
1333 4034 1399 4105 per
1416 4034 1502 4082 con·

241 4154 389 4202 cursum
412 4127 663 4203 Providentiae
683 4152 757 4200 non
789 4126 986 4200 ordinariae
1004 4127 1071 4200 sed
1103 4125 1299 4223 specialis;
1323 4145 1380 4202 est
1403 4126 1503 4200 enim

242 4266 377 4345 praeter
396 4270 543 4320 cursum
562 4245 791 4319 ordinarium
812 4269 944 4318 rerum.

295 4366 345 4439 Et
365 4365 484 4462 primo
503 4364 665 4462 quidem,
686 4363 838 4460 quinam
858 4383 944 4436 sunt
964 4362 1001 4437 hi
1025 4363 1088 4460 qui
1108 4361 1243 4459 partim
1264 4386 1333 4495 pro
1351 4388 1393 4437 se
1413 4362 1503 4458 ipsis

321 4492 385 4498 -—--
409 4492 527 4498 —-—-
537 4490 866 4497 ...-—.--—-.-—-—--—-
885 4490 988 4496 -.-—.
1007 4489 1203 4495 -.-.-.,....
1227 4489 1300 4495 -....
1332 4489 1395 4494 -—
1435 4488 1498 4493 -—

281 4545 301 4582 ι.
323 4530 346 4582 l.
348 4514 421 4600 ’Egi
435 4529 503 4582 ella
523 4547 574 4583 soc.
588 4530 669 4581 chrlt
675 4529 773 4596 ‚.chap
789 4540 893 4597 x1x‚p
912 4528 1022 4595 143cr.
1037 4528 1081 4580 La
1099 4527 1193 4580 olrrtl
1206 4543 1260 4579 sur
1277 4525 1306 4578 la
1325 4532 1410 4595 quest.
1422 4543 1502 4592 rom„

241 4609 367 4744 &iiiii-io
383 4610 452 4663 Vide
465 4610 551 4664 etiam
565 4627 650 4680 supra
659 4626 719 4678 cap
734 4609 773 4660 IV
787 4625 850 4679 pag.
864 4607 899 4678 69
914 4607 1057 4661 ubisusius
1070 4608 1106 4662 de
1120 4606 1173 4663 hoc
1192 4606 1296 4663 divinae
1312 4605 1502 4662 Providentiae
