3496 5482
1234 486 1491 498 -—-—-—-—

243 536 314 625 298
650 553 742 604 enen
769 553 829 604 s1r
856 551 930 602 nux
961 550 1087 602 nouas.

240 715 506 814 tranquillitate
521 717 719 814 potiantur,
735 733 773 790 et
786 714 975 790 funestum
995 713 1084 788 illud
1102 739 1186 788 cum
1209 714 1382 788 Romano
1403 712 1501 788 Pon·

240 835 380 911 tificatu
399 834 593 909 dissidium
611 833 813 932 aliquando
832 832 998 920 tollatur;
1018 858 1148 909 verum
1168 830 1341 907 incolumi
1360 829 1501 904 iustitia

241 970 279 1028 et
298 953 409 1027 Sedis
429 951 671 1050 Apostolicae
689 951 882 1050 dignitate,
910 976 1007 1049 quae
1034 969 1122 1024 sunt
1140 974 1215 1024 non
1233 966 1310 1023 tam
1329 945 1498 1046 populari

243 1071 383 1157 iniuria,
404 1096 517 1169 quam
536 1071 793 1146 coniuratione
813 1071 1030 1167 praesertim
1049 1088 1234 1146 sectarum
1253 1066 1426 1143 violatae.

295 1201 315 1231 “
335 1190 485 1266 Scilicet
503 1190 551 1264 ad
569 1189 807 1265 concordiam
827 1189 968 1263 aditum
988 1215 1072 1264 esse
1091 1204 1241 1287 oportet
1266 1212 1348 1262 eam
1377 1211 1500 1263 rerum

241 1308 506 1394 conditionem,
528 1307 563 1381 in
589 1333 662 1406 qua
695 1309 888 1383 Romanus
910 1307 1084 1382 Pontifex
1104 1305 1238 1380 nullius
1256 1305 1305 1379 sit
1323 1305 1501 1403 potestati

243 1425 442 1512 subiectus,
456 1443 494 1500 et
508 1424 628 1523 plena,
642 1452 761 1525 eaque
777 1427 855 1501 veri
871 1425 1032 1501 nominis
1050 1425 1232 1512 libertate,
1246 1441 1357 1522 prout
1373 1423 1501 1499 omnia

245 1542 323 1617 iura
341 1544 542 1641 postulant,
564 1545 705 1620 fruatur
725 1543 779 1645 (¹)
800 1545 817 1573 '¹

300 1661 400 1737 Huic
418 1662 632 1738 allocutioni
650 1663 780 1737 alludit
799 1663 989 1738 Sanctitas
1008 1663 1085 1738 Sua
1105 1663 1141 1734 in
1163 1661 1316 1736 Litteris
1333 1659 1381 1733 ad
1411 1659 1502 1735 Car·

244 1778 405 1856 dinalem
429 1780 626 1879 Rampolla
643 1782 763 1856 datis:
785 1792 803 1821 “
825 1781 886 1856 Ex
912 1781 981 1857 illis
1003 1781 1155 1879 quidem
1184 1804 1357 1854 sensusa
1378 1777 1502 1853 Nobis

245 1917 448 1995 conceptus
462 1899 619 1974 evidens
633 1925 700 1973 sua
713 1917 849 1996 sponte
864 1899 1046 1996 prodibat,
1061 1897 1313 1973 conditionem
1329 1895 1501 1970 nimirum

246 2014 429 2115 religiosae
448 2015 693 2112 pacificationi
713 2017 749 2090 in
773 2017 879 2090 ltalia
897 2017 1133 2114 perficiendae
1147 2013 1317 2089 absolute
1332 2038 1502 2089 necessa·

246 2133 337 2207 riam
356 2158 450 2221 esse,
472 2158 602 2207 verum
621 2134 790 2209 Romano
810 2134 980 2209 Pontifici
1008 2134 1170 2210 tribuere
1199 2133 1343 2233 regium
1365 2130 1502 2206 Princi-

247 2268 387 2347 patum.
408 2250 427 2278 ”

300 2366 426 2442 Nemo
437 2386 513 2443 tam
528 2388 634 2466 pater
651 2372 794 2459 Patriae,
809 2398 921 2447 nemo
935 2390 1011 2448 tam
1027 2372 1243 2447 benefactor
1261 2367 1379 2443 ltaliae
1390 2392 1502 2466 quam

250 2485 424 2560 Pontifex
445 2489 648 2563 Romanus.
675 2489 787 2564 Solus
810 2491 947 2587 poterit
967 2491 1062 2565 hanc
1082 2510 1218 2566 terram
1238 2487 1393 2563 electam
1414 2485 1502 2560 libe·

248 2628 365 2678 rarea
384 2604 490 2679 malis
509 2606 711 2681 moralibus
726 2626 763 2682 et
781 2635 803 2680 a
822 2609 933 2682 variis
953 2608 1072 2708 plagis
1090 2607 1300 2683 socialibus.

301 2731 321 2761 “
344 2723 472 2796 Unum
492 2749 539 2797 ex
566 2725 797 2822 gravissimis
819 2751 862 2798 ac
877 2725 1039 2798 maxime
1059 2724 1301 2798 formidandis
1321 2719 1505 2820 periculis

248 2864 345 2936 quae
363 2839 460 2913 civili
479 2841 647 2915 societati
667 2844 854 2939 praesenti
875 2861 1043 2939 tempore
1059 2844 1263 2928 imminent,
1278 2859 1365 2917 sunt
1378 2839 1505 2939 procul

250 2957 364 3030 dubio
384 2956 611 3031 tumultuosa
629 2959 898 3034 socialistarum
918 2961 1226 3047 machinamenta,
1240 2986 1337 3060 quae
1356 2985 1439 3034 eam
1457 2958 1506 3032 ab

251 3076 333 3149 imis
353 3075 603 3150 fundamentis
621 3077 808 3174 susdeque
828 3097 975 3153 vertere
995 3080 1128 3152 minaci
1147 3106 1239 3152 ausu
1260 3080 1436 3153 nituntur.

303 3204 323 3232 '⁴
342 3193 406 3267 Ab
424 3194 635 3267 huiusmodi
653 3195 749 3269 adeo
766 3198 873 3294 gravi
904 3197 1066 3293 periculo
1103 3197 1210 3271 ltalia
1237 3194 1411 3270 immunis
1431 3218 1505 3267 non

250 3331 324 3396 est;
343 3328 380 3385 et
395 3313 566 3409 quamvis
580 3311 673 3387 aliae
689 3313 813 3388 forsan
831 3316 1000 3390 nationes
1015 3318 1085 3390 hoc
1104 3314 1311 3390 eversionis
1331 3333 1369 3388 et
1388 3310 1506 3387 rebel·

251 3429 361 3503 lionis
372 3428 503 3524 spiritu
516 3428 721 3527 plusquam
740 3431 845 3505 ltalia
860 3432 1104 3518 funestentur,
1120 3432 1235 3506 nihilo
1248 3452 1372 3506 tamen
1387 3431 1508 3503 minus

253 3571 381 3620 verum
402 3563 468 3631 est,
490 3547 602 3619 etiam
623 3548 658 3621 in
679 3574 723 3621 ea
742 3550 839 3622 hunc
857 3552 1030 3625 eumdem
1050 3551 1220 3647 spiritum
1244 3549 1353 3624 latius
1372 3550 1408 3621 in
1428 3548 1507 3621 dies

252 3687 403 3759 serpere
421 3687 463 3735 ac
482 3664 648 3758 quotidie
668 3667 827 3741 maiores
847 3669 946 3742 vires
964 3670 1166 3765 acquirere.

307 3792 326 3820 ‘⁴
347 3780 462 3854 Cuius
480 3799 604 3856 sectae
632 3784 727 3858 adeo
752 3804 810 3859 est
830 3804 960 3859 natura
980 3784 1130 3883 perfida,
1152 3804 1255 3861 tanta
1273 3786 1322 3859 ob
1341 3785 1397 3859 sui
1419 3784 1510 3858 mire

162 3963 166 3969 .
252 3919 484 3998 compactam
504 3904 808 3978 constitutionem
830 3907 1005 4001 potentia,
1029 3924 1130 3980 tanta
1154 3907 1428 4002 propositorum
1448 3930 1510 3977 au·

252 4019 368 4104 dacia,
390 4039 429 4092 ut
448 4045 580 4093 omnes
601 4021 697 4094 vires
717 4021 801 4095 huic
820 4022 1019 4096 calamitati
1039 4023 1265 4098 avertendae
1280 4042 1510 4120 opportunas

254 4136 421 4212 conferre
440 4164 534 4234 opus
549 4139 606 4224 sit,
627 4140 674 4212 ad
695 4139 789 4213 illius
808 4142 996 4214 sistendos
1012 4167 1242 4239 progressus,
1264 4159 1377 4238 atque
1396 4141 1510 4236 impe·

253 4255 431 4330 diendum
452 4256 691 4353 triumphum.

306 4386 327 4414 “
350 4373 496 4447 Harum
516 4375 682 4448 omnium
702 4377 834 4450 virium
857 4379 1028 4475 princeps
1041 4405 1083 4451 ac
1099 4378 1358 4475 potentissima
1377 4403 1422 4451 ea
1441 4394 1508 4464 est,

254 4519 364 4590 quam
398 4518 471 4565 una
502 4493 651 4592 Religio
679 4514 792 4593 atque
823 4496 992 4571 Ecclesia
1011 4498 1252 4593 suppeditare
1270 4514 1412 4592 potest;
1431 4495 1511 4568 sine

292 4719 312 4758 1.
326 4704 415 4757 Alloc.
431 4717 463 4772 23
480 4702 548 4756 Maii
566 4702 642 4770 1887.
