3496 5482
662 530 754 580 PAPA
781 529 842 580 SIT
869 530 944 580 REX
974 529 1100 581 ROMAE.

252 707 415 764 cessaret
428 689 475 761 ad
491 688 609 785 ipsam
629 689 817 784 pertinere
834 688 979 762 ltaliam
996 687 1010 763 ?
1028 689 1091 760 An
1107 705 1285 761 extranea
1299 687 1396 762 lacta
1410 705 1512 763 esset

252 806 359 881 sicuti
372 805 564 881 Sabaudia
582 830 666 903 quae
685 806 821 880 tradita
839 824 897 882 est
918 804 1052 882 Galliae
1070 825 1108 880 et
1127 803 1283 904 Tyrolia
1301 831 1385 904 quae
1400 806 1513 903 perti·

253 941 316 999 net
334 923 618 998 adAustriam?
752 998 754 1001 .

305 1040 430 1115 Nemo
444 1040 567 1126 corde,
578 1042 664 1140 jure
679 1058 717 1116 et
737 1066 891 1116 munere
910 1058 984 1115 tam
1008 1038 1124 1115 ltalus
1142 1066 1254 1139 quam
1277 1041 1401 1138 Papa;
1421 1039 1511 1113 dum

251 1161 384 1236 domus
405 1161 616 1248 Sabaudiae‚
630 1187 714 1236 curn
733 1187 803 1235 suo
816 1161 1245 1247 Victore-Emmanuele,
1263 1178 1441 1235 extranea
1452 1176 1512 1233 est

253 1280 350 1353 veris
369 1278 481 1364 Italis,
496 1298 761 1378 extraneaque,
775 1280 983 1378 praesertim
997 1298 1150 1377 propter
1163 1277 1385 1378 sacrilegum
1400 1303 1511 1351 suurn

252 1395 404 1484 lacinus,
427 1397 488 1471 diu
509 1398 675 1472 manebit
689 1396 746 1498 (¹)

302 1527 334 1588 6.
350 1514 588 1590 Praetendere
601 1506 722 1591 solent
736 1515 942 1615 praesertim
959 1513 1208 1588 nobilissimas
1223 1530 1261 1588 et
1269 1513 1509 1612 justissimas,
1624 1583 1630 1596 ,

252 1645 292 1708 ut
310 1633 425 1718 aiunt,
447 1633 694 1730 aspirationes
714 1633 839 1731 populi
863 1631 981 1707 Italici
1001 1633 1048 1706 ad
1067 1632 1248 1706 unitatem
1272 1631 1415 1706 Patria„

307 1739 404 1825 Haec
421 1751 519 1826 enim
540 1753 658 1850 pietas
674 1752 710 1825 in
741 1753 903 1826 Patriam
922 1768 981 1826 est
1000 1776 1084 1849 quae
1104 1750 1340 1847 irredemptos
1359 1766 1434 1823 tam
1457 1749 1511 1822 in·

252 1868 378 1944 lelices
396 1886 525 1943 ettam
544 1870 719 1944 ardentes
732 1869 873 1956 reddet,
890 1895 1051 1968 quaeque
1068 1870 1228 1943 Romam
1249 1864 1510 1966 intangibilem

250 1984 410 2062 efficiet!

301 2106 480 2180 Attamen
501 2133 548 2180 ne
567 2107 691 2182 verbis
716 2124 754 2182 et
784 2106 940 2181 vocibus
967 2130 1036 2181 nos
1060 2104 1182 2201 decipi
1209 2103 1398 2179 sinamus:
1430 2104 1512 2180 haec

250 2223 375 2321 potius
394 2243 481 2298 nata
498 2243 585 2299 sunt
599 2242 638 2299 ut
658 2225 765 2299 nobis
785 2224 907 2298 lucum
928 2223 1073 2310 iaciant,
1091 2239 1128 2297 et
1141 2222 1240 2297 dicta
1254 2222 1454 2310 haec,more
1471 2238 1512 2298 et

252 2341 351 2440 stylo
363 2341 516 2439 judaico
534 2341 690 2439 prolata,
708 2358 858 2439 oportet
877 2341 924 2414 ad
939 2340 1114 2416 trutinam
1135 2357 1367 2415 revocentur.

250 2453 252 2456 ⁴
306 2458 412 2532 Prius
430 2458 628 2556 populares
647 2460 714 2533 has
741 2459 987 2558 aspirationes
995 2459 1164 2556 juridice
1178 2457 1508 2548 considerabimus,

252 2576 388 2651 deinde
407 2576 447 2650 in
454 2577 571 2674 facto,

298 2693 462 2791 Juridice
480 2713 583 2792 patet
603 2695 722 2791 primo
742 2694 885 2781 intuitu,
907 2693 1095 2791 simplices
1120 2691 1366 2790 aspirationes
1394 2693 1508 2767 etiam

246 2813 529 2888 ardentissimas
547 2815 594 2887 ad
615 2813 753 2910 aliquid
772 2813 1088 2912 consequendum,
1110 2814 1174 2912 jus
1204 2811 1345 2886 nullum
1375 2837 1442 2910 per
1466 2838 1517 2902 se⁸

247 2930 432 3021 tribuere;
462 2958 536 3006 non
569 2932 668 3006 enim
698 2951 784 3005 sunt
815 2931 942 3006 titulus
962 2932 1008 3005 ad
1027 2930 1243 3005 habendum
1263 2931 1300 3004 id
1328 2931 1376 3005 ad
1405 2930 1510 3029 quod

246 3051 439 3147 aspiratur.
466 3050 609 3148 lnjuste
642 3050 781 3145 aspirat
805 3048 864 3122 lur
887 3050 934 3123 ad
963 3049 1112 3135 lurtum,
1133 3049 1342 3124 vindicator
1357 3049 1405 3122 ad
1426 3048 1508 3122 vin·

247 3167 395 3255 dictam,
417 3187 485 3241 etc.

300 3284 498 3384 Ejusmodi
514 3285 651 3359 veritas
671 3285 885 3359 hominibus
898 3310 1049 3383 quoque
1067 3283 1314 3381 sylvestribus
1333 3283 1507 3358 obseura-

248 3419 307 3476 tur
334 3428 356 3475 a
382 3403 625 3478 Massonibus
653 3428 726 3499 ope
753 3404 1023 3500 sophismatum
1052 3403 1114 3476 ubi
1143 3402 1267 3500 agitur
1295 3402 1343 3476 de
1370 3401 1509 3499 injuste

246 3522 500 3618 oppugnanda
523 3521 629 3596 Urbe
652 3522 782 3594 Roma.
815 3520 891 3594 Ubi
911 3546 1002 3595 vero
1021 3520 1145 3618 agitur
1168 3519 1216 3594 de
1235 3518 1407 3595 libertate
1425 3520 1507 3594 red·

246 3639 369 3715 denda
390 3641 552 3728 Polonis,
584 3643 765 3739 adquam
798 3642 1043 3717 vehementer
1060 3640 1229 3738 aspirant
1257 3640 1295 3712 hi
1324 3665 1345 3713 a
1374 3640 1508 3714 Russis

283 3900 305 3941 1.
319 3885 335 3913 “
349 3885 421 3939 D’oir
434 3886 510 3940 vient
520 3905 553 3942 ce
562 3897 784 3957 gouvernement
798 3886 844 3957 qui
859 3888 937 3956 parle
951 3905 1020 3944 avec
1033 3904 1089 3944 une
1102 3886 1125 3942 si
1139 3886 1336 3943 merveilleuse
1348 3902 1506 3942 assurance

245 3982 280 4019 au
294 3981 360 4019 nom
369 3964 405 4020 de
415 3966 515 4020 l'ltalie
528 3978 556 4022 et
567 3967 615 4036 qui
625 3984 660 4022 en
674 3968 846 4037 revendique
860 3968 883 4020 si
898 3967 1046 4024 fierement
1060 3969 1101 4022 les
1114 3967 1223 4022 droits?
1425 3959 1426 3962 ¹

281 4045 296 4073 “
311 4045 334 4097 Il
347 4062 365 4113 y
377 4060 395 4097 a
408 4046 544 4114 quelques
556 4047 663 4101 annees
678 4048 696 4101 a
709 4047 792 4117 peine
805 4064 869 4117 que,
882 4047 963 4117 place
976 4048 994 4100 a
1012 4047 1155 4103 l’extreme
1176 4046 1310 4102 frontiere
1329 4045 1366 4100 de
1384 4062 1417 4101 ce
1429 4046 1505 4102 beau

245 4141 323 4194 pays,
342 4123 486 4179 lui-meme
499 4125 568 4179 etait
586 4135 645 4181 tout
660 4143 695 4180 au
708 4127 771 4196 plus
784 4128 902 4196 accepte
920 4144 1035 4181 comme
1057 4138 1279 4196 gouvernement
1295 4125 1400 4181 italien.
1416 4126 1454 4180 Et
1467 4142 1505 4181 en
1535 4163 1538 4167 -

244 4203 331 4258 verite
345 4202 363 4257 il
377 4220 413 4258 ne
427 4204 512 4260 l’etait
524 4205 588 4273 qu‘b
601 4204 686 4259 demi.
702 4205 724 4258 ll
735 4207 828 4258 venait
841 4206 878 4260 de
892 4207 1050 4277 l’dtranger.
1063 4208 1104 4262 Ce
1113 4206 1177 4276 qu’il
1191 4206 1337 4275 possederit
1350 4203 1387 4259 de
1399 4204 1504 4260 l’Italie

243 4284 311 4338 erait
332 4284 495 4338 d'accesn‘on
512 4300 549 4336 ou
567 4283 736 4337 d¹annexrbn
754 4285 873 4338 recente.
891 4286 929 4338 Le
943 4301 1078 4354 royaume
1091 4285 1127 4339 de
1142 4283 1273 4338 Pidmout
1287 4283 1383 4338 n’etait
1402 4299 1456 4353 que
1477 4284 1504 4339 le

244 4364 334 4418 duche
343 4364 379 4418 de
392 4363 496 4418 Savoie
506 4363 678 4431 agrandi.La
689 4362 818 4431 dynastie
833 4363 1021 4433 piemontaise
1031 4365 1099 4419 etalt
1108 4374 1136 4419 et
1145 4374 1188 4420 est
1198 4379 1304 4418 encore
1314 4361 1502 4419 savoisienne.

244 4445 289 4498 On
302 4446 448 4510 l’avouera¹
463 4442 481 4495 il
494 4453 537 4496 est
551 4458 586 4496 au
600 4443 693 4496 moins
706 4443 824 4511 e'trange
838 4443 873 4498 de
888 4443 948 4497 voir
960 4444 987 4498 le
1000 4453 1224 4513 gouvernement
1240 4443 1306 4497 d'un
1326 4442 1503 4498 descendant

241 4524 291 4578 des
310 4524 380 4578 dues
395 4523 432 4578 de
446 4523 549 4576 Savoie
573 4522 689 4576 afficher
710 4522 737 4575 la
750 4522 910 4592 pretention
924 4523 961 4579 de
982 4525 1161 4595 representer
1177 4532 1252 4578 cette
1265 4523 1347 4578 ltalie
1359 4521 1407 4593 qui
1421 4538 1456 4577 ne
1476 4522 1503 4579 le

240 4603 414 4657 connaissait
436 4601 515 4671 point
529 4613 556 4656 et
575 4600 612 4655 ou
631 4601 649 4655 il
665 4603 737 4656 n'est
758 4619 824 4672 recu
849 4619 905 4673 que
930 4602 1027 4660 d'hier.
1041 4604 1055 4633 ’³
1077 4603 1200 4672 Laioret,
1219 4603 1317 4658 Revrre
1336 4601 1503 4673 catholr'que,

240 4693 257 4738 t.
271 4674 382 4751 XXXl,
395 4698 459 4752 pag.
474 4681 533 4736 886.
