3496 5482
564 430 972 438 *ψ’-,-
987 429 1005 434 ..
1034 427 1510 435 —‹a-———-—-——-———-—.-—-.

658 490 749 540 PAPA
777 490 836 539 SIT
864 490 938 539 REX
968 489 1095 539 ROMAE.

243 775 306 848 An
332 790 460 870 posset
491 798 584 870 ergo
609 772 871 869 obtemperare
900 770 1095 846 desideriis
1130 788 1327 858 sectarum,
1348 796 1508 869 quarum

244 914 368 987 praeco
389 889 549 963 Mazzini
579 893 632 964 sic
665 915 776 964 ausus
808 909 866 963 est
893 887 1114 963 Pontificem
1138 888 1319 964 Sanctum
1339 889 1509 987 alloqui:

191 1095 195 1100 .
246 1014 267 1046 ‘¹
282 1005 412 1082 Macto
430 1008 556 1082 animo
575 1026 668 1094 esto,
691 1033 714 1083 o
744 1006 919 1081 Pontifex
936 1007 989 1080 l...
1013 1005 1156 1080 aedifica
1187 1005 1314 1081 fanum
1346 1006 1506 1093 veritati,

237 1123 403 1225 justitiae,
423 1123 509 1200 fidei
530 1144 726 1212 sacratum,
749 1123 1016 1223 proclamando
1035 1125 1214 1198 audacter
1241 1149 1380 1199 novum
1409 1125 1508 1200 ordi·

242 1267 328 1317 nem
351 1260 390 1317 et
419 1242 554 1318 saecula
587 1270 694 1318 nova.
719 1244 782 1318 Ne
801 1243 934 1318 timeas
966 1270 989 1317 a
1019 1242 1131 1340 plebe
1158 1268 1356 1317 excessum
1379 1242 1530 1323 ullum..

244 1359 488 1436 Confidenter
506 1380 544 1437 te
563 1361 671 1437 nobis
688 1360 881 1436 adhaerere
899 1360 1000 1434 sinas
1018 1360 1067 1435 de
1087 1379 1224 1447 ceter0‚
1242 1379 1280 1435 et
1292 1361 1373 1459 jam
1398 1361 1507 1435 adsu-

245 1504 327 1552 mus
345 1479 408 1575 qui
428 1478 494 1554 tibi
513 1482 751 1557 adstruamus
771 1481 977 1579 imperium,
999 1481 1057 1555 cui
1076 1481 1176 1554 aliud
1204 1481 1325 1557 simile
1352 1498 1409 1558 est
1429 1481 1507 1556 nul·

243 1591 319 1670 lum
339 1595 382 1695 (²)
399 1596 435 1670 !''
459 1597 599 1674 Nonne
628 1599 727 1674 idem
748 1598 843 1674 foret
873 1625 916 1673 ac
945 1598 1094 1675 dicere:
1126 1599 1293 1699 Resigna
1313 1618 1360 1686 te,
1381 1599 1507 1675 Vicari

244 1714 393 1802 Christi,
416 1715 564 1815 resigna
576 1734 613 1791 te
626 1745 634 1807 ;
647 1717 817 1817 regimini
836 1717 1032 1792 societatis
1050 1741 1150 1792 verae
1166 1716 1392 1793 Christianae
1407 1717 1507 1794 vale·

241 1835 354 1921 dieas
376 1854 415 1910 ut
445 1861 642 1932 supremus
671 1837 972 1935 neo-paganismi
1005 1836 1072 1910 fias
1107 1834 1301 1912 Pontifex!
1320 1881 1369 1892 —
1402 1835 1506 1932 Quid

243 1951 362 2051 magis
380 1952 582 2028 absurdum
601 1955 800 2052 magisque
821 1953 1040 2052 injuriosum
1059 1953 1118 2030 vel
1139 1953 1294 2052 cogitari
1306 1955 1468 2052 posset?

295 2071 358 2147 An
377 2071 527 2147 deceret
548 2073 767 2148 Pontificem
799 2072 847 2147 ad
878 2091 1006 2147 nutum
1035 2098 1119 2147 esse
1145 2072 1244 2171 regis
1271 2072 1418 2160 terreni,
1439 2075 1507 2172 qui

243 2214 330 2267 suas
345 2190 414 2288 ipsi
429 2189 647 2265 obtruderet
660 2189 871 2265 decisiones
882 2190 930 2263 ad
944 2189 1255 2265 consentiendum
1271 2208 1415 2265 tantum
1428 2190 1508 2267 eis?

293 2307 456 2384 Stultum
476 2325 577 2383 esset
595 2334 616 2382 a
646 2308 828 2382 Romanis
847 2308 1001 2407 exigere
1022 2307 1275 2396 Pontificibus,
1296 2329 1337 2385 ut
1356 2309 1505 2407 ipsimet

243 2449 327 2501 sese
345 2451 369 2499 a
387 2426 492 2523 regio
514 2425 726 2521 Principatu
745 2424 946 2522 exspoliari
965 2444 1100 2522 sponte
1120 2444 1157 2501 et
1176 2452 1243 2524 per
1262 2426 1316 2500 fas
1342 2445 1381 2501 et
1401 2426 1513 2520 nefas

244 2545 491 2619 consentiant.
516 2544 631 2618 Haud
656 2547 775 2643 major
801 2570 869 2618 nec
898 2543 1091 2618 sublimior
1111 2544 1263 2619 libertas
1291 2564 1505 2643 competere

241 2682 369 2761 posset
392 2662 563 2737 Pontifici
584 2687 742 2761 pagane,
763 2663 868 2760 cujus
892 2662 1094 2736 auctoritas
1113 2680 1192 2736 tota
1210 2688 1327 2760 penes
1347 2663 1505 2761 impera·

242 2799 362 2856 torem
380 2800 460 2857 erat
477 2811 484 2869 ;
505 2780 572 2855 sed
591 2781 660 2855 hac
679 2780 888 2879 digniorem
907 2779 1024 2855 multo
1039 2799 1075 2854 et
1091 2781 1349 2876 pretiosiorem
1365 2781 1505 2858 habent

241 2901 500 2974 auctoritatem
532 2899 748 2973 immediate
773 2916 810 2972 et
841 2898 1005 2995 positivo
1031 2899 1143 2972 modo
1172 2899 1220 2973 ab
1248 2899 1330 2996 ipso
1351 2899 1504 2975 Christo

244 3018 330 3093 Deo
348 3036 550 3114 acceptam,
572 3016 750 3114 adquam
771 3015 856 3089 ideo
874 3015 1029 3089 contulit
1060 3017 1302 3091 Providentia
1321 3017 1416 3091 hanc
1441 3044 1504 3094 ne·

242 3135 439 3209 cessariam
459 3152 497 3209 et
515 3134 739 3232 condignam
759 3133 794 3205 in
817 3131 988 3206 Ecclesia
1011 3132 1245 3231 gubernandi
1280 3135 1501 3211 libertatem.

296 3253 522 3350 “Equidem
545 3253 638 3336 Nos,
661 3250 780 3347 inquit
801 3251 881 3324 Leo
905 3250 1118 3335 Xlll,Deo
1141 3250 1357 3348 opitulante.
1381 3252 1504 3327 officio

247 3372 390 3445 Nostro
410 3395 483 3444 non
497 3368 734 3444 deficiemus!
756 3369 908 3442 Praeter
927 3394 1054 3442 veram
1074 3368 1358 3468 absolutamque
1373 3370 1503 3445 Nostri

242 3488 515 3563 restitutionem
536 3488 572 3560 in
592 3485 788 3583 pristinum
822 3485 1086 3580 Principatum‚
1108 3485 1219 3560 alium
1246 3489 1504 3563 conventioni·

242 3606 311 3680 bus
347 3606 528 3691 ineundis,
551 3604 708 3702 pacique
727 3601 898 3675 firmandi
917 3601 1059 3675 aditum
1079 3620 1208 3700 patere
1228 3605 1399 3679 videmus
1425 3605 1503 3679 nul-

245 3724 319 3798 lum
341 3721 395 3824 (³).
412 3722 430 3750 ''

292 3842 365 3916 Ast
397 3841 520 3915 forsan
540 3841 611 3914 alia
629 3857 779 3914 exstant
806 3838 1074 3914 conciliationis
1099 3839 1288 3938 figmenta.
1313 3843 1501 3940 Equidem

241 3959 381 4063 politici
400 3958 503 4032 varia
521 3959 786 4056 excogitavere
800 3956 964 4041 consilia,
984 3958 1183 4054 variosque
1203 3959 1348 4047 modos,
1367 3961 1501 4058 quibus

240 4077 493 4151 conditionem
512 4074 675 4172 supremi
707 4073 907 4159 pontificis,
930 4098 1041 4169 quam
1076 4074 1409 4171 impraesentiarum
1438 4080 1500 4152 ab·

240 4221 408 4270 normem
436 4221 478 4269 ac
500 4192 827 4268 inconvenientem
847 4216 931 4264 esse
966 4185 1185 4288 agnoscunt,
1207 4193 1399 4269 meliorem
1418 4196 1499 4269 red·

241 4313 342 4388 dent.
364 4359 412 4369 -
433 4313 542 4387 “Sed
563 4310 648 4384 vani
665 4327 750 4383 sunt
762 4328 876 4406 atque
889 4308 1036 4382 inutiles
1057 4311 1116 4383 isti
1134 4332 1300 4386 conatus.
1326 4313 1499 4410 Itemque

1058 4444 1496 4453 mn--u——u—

279 4504 298 4543 r.
314 4491 341 4543 S.
355 4490 391 4545 de
405 4489 661 4557 T’Serclaes‚Llon
674 4487 760 4554 XIII,
772 4496 789 4540 t.
806 4487 844 4552 ll,
859 4503 884 4554 p.
902 4500 958 4552 172.

274 4583 298 4622 2.
314 4571 431 4630 Darras.
447 4570 522 4622 Ht'st.
536 4569 569 4621 de
579 4551 678 4636 luga,
689 4576 706 4620 t.
720 4581 764 4633 41,
778 4582 842 4635 pag.
859 4566 915 4620 128.

275 4663 298 4716 3.
314 4649 405 4718 Epist.
416 4649 453 4703 ad
467 4648 550 4704 Card.
564 4649 674 4717 Ramp,
692 4659 721 4715 15
734 4647 798 4714 Jun.
815 4644 890 4711 1887.
