3496 5482
151 487 389 497 ..ι-οη...-
397 485 689 494 --ι-ς-...υ--ος
699 485 717 490 -—

504 549 628 601 CAPUT
655 549 835 601 DECIMUM
863 549 1047 600 TERTIUM.
1148 551 1152 561 ‘

150 707 326 783 rabilibus
345 725 514 796 scatent;
535 735 609 784 non
642 735 840 807 possumus
870 711 958 808 quin
991 709 1237 783 admiratione
1267 705 1405 805 percel-

149 826 268 903 lamur
286 846 399 926 atque
418 828 696 924 obstupeamus,
714 829 904 926 quomodo
924 828 1060 902 factum
1073 827 1121 901 sit
1140 844 1179 901 ut
1197 826 1278 900 haec
1296 824 1407 923 plaga

152 946 340 1045 Europaea
370 947 466 1020 adeo
497 947 632 1021 ceteris
663 947 877 1021 dominetur
908 945 1038 1046 plagis,
1072 946 1228 1045 ejusque
1258 963 1404 1044 gentes,

140 1065 330 1162 imprimis
361 1090 452 1139 vero
479 1082 614 1162 gentes
643 1065 880 1139 Germanicae
904 1065 983 1163 jam
1015 1062 1144 1161 potitae
1171 1063 1246 1137 sint
1271 1086 1403 1148 rerum,

149 1183 287 1281 ubique
305 1181 599 1256 dominationem
613 1201 833 1256 exercentes
853 1182 889 1256 in
909 1181 1002 1256 alios
1017 1181 1174 1280 populos
1193 1201 1271 1257 tum
1291 1182 1406 1255 Ame-

150 1300 244 1387 ricae,
266 1319 344 1375 tum
364 1300 477 1386 Asiae,
499 1318 578 1375 tum
592 1300 741 1387 Africae,
763 1318 841 1375 tum
861 1300 1041 1375 Oceaniae
1060 1301 1075 1378 ?
1094 1301 1279 1396 Quaenam
1295 1324 1407 1373 causa

149 1437 186 1493 et
206 1419 299 1494 ratio
317 1443 401 1493 esse
420 1419 537 1516 possit
554 1444 619 1493 cur
635 1436 770 1518 gentes
789 1419 869 1504 illae,
891 1438 1072 1517 pereunte
1091 1443 1230 1518 magno
1249 1417 1406 1514 imperio

152 1537 325 1612 Romano
360 1561 403 1610 ac
436 1537 652 1634 Byzantino,
687 1537 892 1636 profligatis
925 1537 1128 1611 innumeris
1158 1561 1259 1633 saepe
1289 1535 1407 1633 copiis

152 1656 554 1743 Turcarum,continuo
565 1656 785 1753 superstites
796 1674 909 1754 atque
923 1655 1126 1730 incolumes
1139 1654 1259 1753 magis
1271 1654 1405 1752 magis·

149 1799 223 1872 que
241 1771 532 1847 efflorescant-et
552 1774 704 1849 tandem
729 1794 892 1849 exeunte
911 1773 1048 1849 saeculo
1068 1773 1166 1847 XIV
1185 1792 1224 1848 et
1256 1774 1408 1847 ineunte

151 1891 246 1967 XVI
269 1890 306 1964 in
335 1891 613 1988 possessionem
641 1894 720 1991 jam
753 1893 892 1967 intrent
912 1893 1028 1967 Orbis
1060 1891 1258 1966 universi?
1278 1890 1407 1986 Quod·

151 2036 236 2085 nam
269 2011 383 2086 vitale
413 2010 632 2108 principium
665 2011 864 2085 eruditioni
896 2029 1009 2109 atque
1037 2010 1248 2084 formationi
1280 2034 1407 2083 earum

149 2129 318 2227 gentium
349 2129 504 2227 praeluit,
538 2130 639 2226 quod
671 2155 734 2204 eas
767 2147 842 2204 tam
873 2129 1037 2230 grandes
1056 2128 1221 2203 effecerit
1253 2145 1291 2201 et
1312 2128 1409 2203 adeo

150 2245 409 2321 excellentes?
444 2248 630 2322 Praeterea
659 2248 748 2346 quid
779 2267 836 2322 est
867 2247 969 2345 quod
997 2265 1133 2322 ceterae
1169 2246 1408 2321 validissimae

151 2382 285 2464 gentes
317 2365 485 2463 ejusdem
510 2390 601 2439 vero
631 2365 768 2465 stirpis,
801 2366 867 2439 sed
887 2365 1102 2439 Arianismo
1134 2366 1281 2454 deditae,
1301 2364 1408 2441 sicuti

153 2482 376 2568 Gothorum,
398 2483 633 2570 Vandalium,
653 2484 1000 2584 Longobardorum,
1027 2509 1100 2558 non
1122 2485 1210 2560 item
1242 2485 1409 2559 domina-

152 2601 292 2676 tionem
316 2603 479 2699 arripere
497 2602 777 2678 successerint?

205 2720 313 2793 Patet
343 2745 456 2817 supra
477 2721 605 2796 datum
637 2746 858 2818 responsum
892 2720 1109 2795 Pontificis:
1131 2729 1152 2761 “
1184 2746 1295 2794 unam
1325 2746 1410 2795 esse

152 2836 383 2913 Catholicam
408 2837 655 2938 Religionem,
678 2839 713 2912 in
733 2865 806 2937 qua
825 2838 1017 2912 civitatum
1033 2858 1071 2914 et
1090 2863 1290 2938 regnorum
1312 2839 1410 2913 inco·

150 2955 299 3032 lumitas
322 2957 498 3054 salusque
517 2957 663 3033 nitatur.
686 2957 703 2984 ’¹

204 3074 352 3149 Priores
371 3075 541 3149 nationes
560 3074 715 3151 firmiter
733 3075 973 3151 adhaeserunt
1000 3094 1129 3150 centro
1148 3074 1289 3149 ordinis
1308 3075 1408 3172 quod

154 3194 296 3269 Divina
316 3194 557 3268 Providentia
575 3193 611 3265 in
631 3194 738 3267 terris
757 3194 923 3270 stabilire
950 3195 1107 3295 dignata
1129 3211 1195 3280 est,
1221 3193 1408 3291 Religioni

152 3336 287 3411 nempe
308 3311 523 3397 Catholicae,
544 3337 628 3408 quae
646 3337 730 3385 cum
750 3313 830 3386 sola
859 3339 956 3399 vera,
983 3332 1061 3387 tum
1082 3313 1239 3410 proinde
1267 3312 1410 3387 cunctis

152 3431 307 3527 populis,
329 3432 468 3528 quippe
480 3429 543 3526 qui
557 3429 661 3504 lacile
673 3433 754 3530 ejus
772 3432 1007 3507 divinitatem
1019 3455 1225 3530 agnoscere
1238 3449 1407 3528 possunt,
1522 3476 1526 3485 ·

149 3547 230 3621 sola
247 3547 469 3646 obligatoria
488 3566 545 3621 est
564 3572 606 3621 ac
626 3546 791 3623 humano
809 3550 942 3649 generi
962 3548 1126 3645 proficua
1147 3547 1201 3648 (Ι).
1225 3549 1296 3623 Per
1314 3548 1410 3623 hanc
1448 3634 1450 3638 ¹

151 3663 264 3739 homo
283 3690 408 3739 rursus
427 3666 474 3739 ad
493 3665 662 3739 ordinem
684 3666 903 3754 institutum,
926 3686 965 3741 ut
994 3668 1083 3742 dicit
1103 3665 1351 3765 Augustinus,
1373 3667 1409 3740 id

151 3801 209 3857 est
239 3783 569 3880 supernaturalem,
591 3784 772 3871 evehitur,
794 3785 890 3859 filius
909 3786 1081 3885 ejusdem
1104 3785 1177 3860 Dei
1198 3785 1411 3860 nominatur

151 3919 190 3975 et
217 3919 296 3975 est:
326 3899 411 3973 hinc
430 3926 562 3976 omnes
595 3903 629 3975 in
651 3902 803 3977 Christo
830 3923 1094 3992 restauratore,
1113 3923 1150 3979 et
1169 3904 1239 3977 sub
1260 3903 1410 3977 Vicario

151 4020 243 4118 ejus,
264 4019 405 4105 iratres,
426 4020 653 4106 cohaeredes,
687 4047 730 4096 ac
752 4023 825 4097 Dei
858 4024 973 4121 ipsius
992 4023 1162 4097 haeredes
1183 4021 1219 4095 in
1239 4038 1320 4097 toto
1339 4039 1410 4096 ter·

153 4160 274 4209 rarum
294 4136 409 4222 Orbe,
433 4137 718 4234 proclamantur.

205 4268 257 4330 lo.
289 4267 308 4294 ¹⁸
329 4255 415 4350 Qua
433 4256 481 4330 de
514 4282 562 4343 re,
583 4258 811 4354 amplissima
844 4259 913 4334 hac
932 4258 1094 4334 hominis
1126 4256 1409 4342 restauratione,

152 4399 251 4448 nova
271 4374 366 4450 illico
398 4374 545 4461 lamilia,
568 4401 666 4448 nova
697 4376 838 4464 civitas,
861 4403 999 4452 novum
1033 4402 1189 4476 regnum
1209 4391 1407 4474 exurgunt.

156 4491 267 4580 Nam,
288 4512 462 4589 parentes
480 4491 586 4580 filios,
622 4512 662 4567 ut
680 4494 799 4581 decet,
833 4495 993 4595 diligunt
1010 4524 1018 4584 ;
1037 4496 1179 4571 domini
1203 4498 1288 4597 jure
1307 4493 1410 4571 necis

192 4694 212 4733 1.
234 4680 409 4748 Signoriello‚
424 4680 528 4734 Ethica
539 4686 619 4749 spec,
632 4696 692 4750 cap.
706 4680 745 4750 11,
755 4693 806 4736 art.
821 4696 863 4736 20.
