3496 5482
1251 493 1568 502 --—--——-—.—-

313 553 362 627 70
720 557 812 608 PAPA
839 557 898 608 SIT
926 557 1000 607 REX
1030 555 1157 608 ROMAE.

303 717 472 817 legitimo
492 717 700 814 possessori
720 716 962 793 restituerunt
980 743 987 803 ;
1007 715 1218 814 provincias
1238 715 1319 791 illas
1339 719 1567 795 novadona·

305 837 407 912 tione
426 852 622 922 auxerunt,
644 861 718 910 non
738 852 863 911 autem
883 835 1054 933 primitus
1073 834 1260 910 donarunt
1279 834 1337 936 (¹).

358 954 419 1038 Ep
446 979 530 1051 quae
556 953 605 1028 de
631 952 777 1051 origine
805 953 980 1028 Statuum
1003 950 1183 1028 Ecclesiae
1209 954 1304 1029 dixit
1337 953 1425 1029 olim
1454 953 1569 1028 mitis·

306 1073 423 1146 simus
444 1072 546 1169 Papa
567 1072 654 1148 Pius
672 1064 751 1144 Vll
770 1099 777 1144 :
793 1071 955 1166 “Quum
967 1088 1103 1146 octavo
1117 1070 1255 1147 saeculo
1274 1088 1508 1170 grassaretur
1520 1097 1569 1146 ex

310 1187 449 1262 Leonis
467 1188 619 1262 Isaurici
635 1187 788 1285 perfidia
805 1187 1138 1263 iconomachorum
1154 1189 1318 1277 haeresis,
1336 1215 1451 1287 quum
1470 1191 1569 1264 Lon·

305 1305 517 1404 gobardicis
536 1306 648 1379 armis
679 1304 906 1403 squallerent
933 1307 1069 1391 omnia,
1090 1307 1180 1404 quin
1211 1307 1428 1381 miserrimis
1452 1305 1570 1381 ltaliae

308 1426 418 1500 rebus
436 1424 549 1499 ullum
582 1427 630 1500 ab
659 1425 945 1522 imperatoribus
974 1424 1189 1522 praesidium
1217 1425 1409 1523 expectari
1430 1443 1567 1521 posset,

309 1543 439 1617 mirum
460 1544 628 1643 profecto
646 1561 714 1628 est,
741 1569 816 1640 quo
844 1543 978 1624 studio.
1000 1569 1073 1641 qua
1093 1570 1190 1628 cura,
1222 1569 1295 1641 qua
1322 1542 1570 1618 sollicitudine

312 1662 472 1735 Romani
503 1661 705 1736 Pontifices
734 1661 955 1759 populorum
985 1659 1226 1735 incolumitati
1255 1659 1501 1736 consulerent.
1527 1660 1570 1735 ld

309 1798 387 1854 tum
415 1780 621 1876 Gregorius
645 1781 696 1863 ll,
717 1798 793 1853 tum
829 1779 1036 1876 Gregorius
1070 1778 1570 1867 111,rumZacharias‚viri

309 1900 437 1984 sancti,
460 1897 614 1997 feliciter
633 1902 849 1998 praestitere,
859 1892 1052 1997 ¹ponentes
1068 1925 1108 1974 se
1124 1919 1163 1974 ut
1179 1925 1324 1974 murum
1343 1925 1487 1974 aeneum
1503 1924 1571 1997 pro

311 2016 450 2115 populo
469 2043 547 2092 su0.
1445 2095 1450 2102 .

364 2145 384 2176 ‘⁸
405 2136 466 2232 Ex
486 2162 561 2233 quo
580 2137 716 2209 lactum
736 2153 792 2209 est
813 2152 851 2207 ut
871 2136 993 2232 potior
1012 2154 1112 2210 esset
1130 2137 1263 2209 Romae
1282 2154 1320 2210 et
1338 2136 1437 2232 apud
1454 2134 1571 2209 ltaliae

311 2253 469 2356 populos
485 2253 674 2328 Pontificis
686 2255 896 2339 auctoritas,
910 2279 1022 2350 qnam
1036 2253 1271 2353 orientalium
1294 2253 1568 2352 imperatorum,

309 2371 373 2469 qui
392 2372 521 2445 sedem
551 2372 694 2469 imperii
714 2391 751 2446 et
771 2372 982 2469 provincias
1014 2372 1184 2446 hostibus
1211 2371 1438 2471 diripiendas
1465 2371 1570 2444 dimi-

312 2506 448 2564 serant.
1189 2587 1191 2591 Υ

329 2700 331 2705 .
362 2617 382 2645 “
406 2606 538 2703 ltaque
574 2607 732 2702 primum
773 2606 945 2692 Romani,
981 2608 1059 2680 tum
1087 2605 1210 2702 plures
1248 2604 1366 2680 ltaliae
1400 2605 1572 2681 civitates

309 2741 516 2821 spontanea
535 2724 726 2798 deditione
749 2726 931 2798 Romanae
953 2723 1133 2799 Ecclesiae
1148 2724 1323 2820 potestati
1344 2748 1385 2798 se
1404 2722 1570 2816 subiece-

311 2857 405 2926 runt,
427 2842 531 2938 cujus
551 2859 730 2938 praeterea
745 2840 946 2915 auctoritas
966 2826 1099 2915 mirum
1120 2841 1156 2913 in
1176 2842 1327 2914 modum
1349 2839 1572 2936 amplificata

311 2975 368 3032 est
386 2983 434 3033 ex
453 2960 559 3033 suavi
579 2979 617 3034 et
636 2959 709 3034 levi
729 2960 970 3034 Summorum
993 2960 1217 3035 Pontificum
1238 2960 1407 3058 imperio.
1429 2959 1445 2987 ''

362 3088 396 3150 2.
417 3068 628 3174 Aequisitio
658 3095 696 3150 et
714 3079 903 3173 possessio
926 3078 1160 3175 Principatus
1179 3075 1297 3150 civilis
1320 3076 1486 3185 legitima
1505 3076 1572 3150 suit

311 3211 349 3269 et
368 3213 435 3281 est,
456 3196 599 3270 ratione
619 3194 746 3268 habita
772 3195 1000 3269 admirabilis
1029 3195 1285 3293 dispositionis
1316 3194 1454 3268 divinae
1470 3180 1571 3268 *Pro-

312 3312 497 3399 videntiae,
516 3332 593 3387 tum
609 3315 721 3388 etiarn
741 3312 868 3386 habita
888 3314 1030 3388 ratione
1045 3314 1170 3413 legum
1186 3312 1441 3386 humanarum.
1458 3311 1571 3407 Quod

312 3429 465 3529 egregie
485 3431 617 3528 probat
639 3431 825 3505 Palmieri.

365 3556 387 3585 ‘⁴
410 3530 505 3620 lllud
531 3549 663 3622 merito
695 3548 830 3623 dicitur
856 3549 1066 3622 institutum
1097 3547 1320 3646 providente
1342 3547 1436 3634 Deo,
1458 3547 1569 3643 quod,

314 3648 564 3739 mediantibus
591 3665 742 3763 quidem
773 3666 1001 3741 naturalibus
1029 3667 1159 3753 causis,
1180 3665 1308 3739 divina
1330 3654 1572 3739 Providentia

314 3807 389 3856 non
409 3782 533 3857 solum
550 3786 742 3882 permittit,
763 3787 830 3859 sed
849 3788 1012 3884 positive
1028 3786 1186 3861 intendit
1204 3802 1318 3883 atque
1337 3785 1496 3882 sapienti
1517 3810 1571 3858 ra·
1627 3824 1630 3831 ·

313 3901 415 3976 tione
434 3903 653 3999 assequitur.

324 4012 337 4069 Ῐ
365 4027 385 4059 “
407 4019 494 4093 Hoc
513 4020 635 4117 posito
654 4021 705 4093 sic
724 4021 938 4119 arguimus:
957 4021 1135 4121 singulari
1160 4020 1316 4095 consilio
1331 4018 1470 4093 divinae
1485 4019 1571 4092 Pro-

313 4128 491 4211 videntiae
510 4137 704 4212 reserenda
722 4157 779 4212 est
799 4138 834 4211 in
854 4140 1016 4236 acceptis
1035 4165 1081 4213 ea
1105 4137 1297 4224 institutio,
1318 4163 1404 4235 quae
1431 4135 1570 4210 efficaci

315 4257 428 4331 modo
446 4281 489 4330 ac
507 4257 730 4333 suavissimo
749 4258 948 4344 obtinetur,
969 4278 1007 4333 et
1024 4284 1109 4356 quae
1128 4283 1211 4331 cum
1231 4258 1328 4330 bona
1348 4257 1384 4329 in
1403 4281 1444 4330 se
1461 4253 1510 4328 sit
1524 4254 1570 4327 ad

315 4374 426 4448 finem
442 4374 625 4448 intentum
646 4402 672 4449 a·
686 4377 812 4449 divina
840 4377 1081 4451 Providentia
1103 4374 1161 4448 vel
1192 4376 1361 4458 maxime,
1384 4372 1442 4447 vel
1463 4372 1572 4447 unice

315 4496 459 4569 ratione
478 4494 604 4568 habita
623 4493 882 4570 historicorum
900 4497 1161 4593 adjunctorum
1178 4494 1362 4567 conducit.
1383 4537 1433 4547 —
1452 4493 1570 4587 Atqui

354 4703 373 4742 1.
392 4689 457 4743 l‘ius
472 4690 538 4757 Vll,
555 4690 645 4744 Alluc.
664 4690 769 4760 11Julii
792 4693 864 4750 2808.
976 4746 979 4750 Α
