3496 5482
1310 492 1501 501 u———a

247 556 291 629 72
654 556 747 606 ΡΑΡΑ
775 555 835 608 SIT
862 555 936 604 REX
965 554 1091 606 ROMAE.

292 718 524 807 Videbimus,
545 720 647 818 quod
667 718 792 795 multis
811 745 963 818 prorsus
983 718 1153 818 ignotum
1172 737 1240 806 est,
1272 746 1295 794 a
1321 718 1501 794 Romanis

244 836 498 924 Pontificibus,
527 864 673 912 summa
707 864 792 913 cum
816 836 964 938 justitia
989 864 1032 911 ac
1069 838 1294 914 necessitate
1328 856 1500 937 cogente,

243 954 341 1030 hunc
363 956 616 1054 Principatum
631 955 780 1031 civilem
798 965 979 1054 acceptum
995 957 1128 1053 potius
1136 958 1264 1056 fuisse
1284 984 1394 1055 quam
1408 983 1502 1055 quee-

240 1073 365 1148 silum.
384 1072 528 1172 ltaque,
543 1074 639 1149 duce
658 1073 864 1149 clarissimo
881 1073 1097 1173 Jungmann
1117 1072 1172 1174 (¹),
1195 1075 1265 1150 tria
1278 1074 1497 1161 videbimus,

241 1194 394 1270 scilicet.
1334 1184 1337 1190 ¹

292 1308 359 1411 (ι).
390 1312 535 1386 Causas
553 1329 666 1409 atque
684 1331 843 1388 eventus
861 1311 1000 1409 quibus
1020 1311 1342 1409 providentialiter
1359 1338 1500 1411 praepa-

153 1492 156 1496 .
243 1447 343 1503 ratus
363 1429 431 1502 luit
452 1429 685 1527 Principatus
705 1429 823 1504 civilis
845 1430 1008 1504 Romani
1030 1429 1233 1504 Pontificis.
1314 1483 1321 1493 ·

295 1544 363 1646 (2).
394 1547 656 1623 Elevationem
679 1547 800 1646 Pipini
830 1549 865 1622 in
888 1549 1116 1623 Francorum
1136 1574 1263 1646 regem
1281 1575 1304 1622 a
1321 1549 1502 1623 Romanis

248 1665 489 1739 Pontificibus
509 1665 654 1752 iactam,
676 1666 727 1740 ita
747 1685 785 1740 ut
805 1667 967 1740 vicissim
990 1667 1154 1764 Pipinus,
1175 1665 1332 1764 ejusque
1357 1692 1502 1741 succes-

243 1812 357 1872 sores,
380 1812 533 1890 operam
552 1786 775 1861 contulerint
807 1806 846 1861 ut
876 1787 1097 1862 Pontificum
1119 1788 1352 1885 Principatus
1372 1786 1500 1873 civilis,

244 1907 393 2006 quijam
410 1908 594 1993 exstabat,
613 1907 844 1980 formaretur.

296 2022 362 2124 (3).
397 2024 713 2099 Constitutionem
763 2022 912 2098 finalem
949 2024 1059 2122 hujus
1091 2024 1324 2123 Principatus
1359 2043 1501 2122 tempo·

246 2142 341 2217 ralis.
1212 2152 1215 2158 ’

294 2258 362 2361 (1).
395 2260 511 2335 Haud
541 2260 740 2358 inopinate,
757 2261 816 2336 vel
852 2287 899 2335 ex
932 2261 1145 2359 improviso
1175 2261 1235 2336 vel
1266 2260 1509 2337 asubitaneo
1623 2267 1626 2273 ’

243 2381 343 2457 lacto
361 2381 512 2481 politico
531 2382 737 2456 dominium
758 2382 963 2480 temporale
982 2382 1133 2456 Sanctae
1153 2381 1264 2456 SedIs
1284 2380 1351 2456 suit
1366 2380 1502 2454 consti·

246 2517 378 2586 tutum,
412 2501 479 2574 sed
523 2500 699 2574 diuturno
735 2517 904 2597 tempore
935 2527 1002 2599 per
1037 2500 1256 2575 saeculorum
1293 2500 1500 2584 decursum,

247 2618 471 2715 disponente
505 2616 748 2693 Providentia
779 2618 906 2693 divina
945 2619 1194 2694 exsurrexit:
1238 2616 1373 2692 saecula
1415 2615 1503 2690 illud

247 2735 375 2809 molita
404 2752 491 2810 sunt
511 2758 677 2835 regnum,
713 2755 750 2812 et
782 2737 879 2812 bene
912 2737 1040 2811 molita
1067 2754 1154 2810 sunt
1172 2736 1338 2810 dicemus
1357 2720 1503 2808 utolim
1616 2770 1621 2775 ·

250 2852 450 2950 Napoleon
486 2855 726 2951 Buonaparte
767 2855 882 2929 iertur
916 2856 1066 2930 dixisse.
1100 2854 1227 2929 Veluti
1263 2854 1505 2927 fundamenta
1589 2905 1593 2911 -

246 2971 357 3068 hujus
379 2973 613 3070 Principatus
632 2974 874 3070 praebuerunt
893 2973 1119 3070 patrimonia
1147 2973 1207 3047 illa
1229 2971 1407 3046 Ecclesiae
1427 2972 1503 3044 Ro·

248 3116 378 3176 manae,
409 3090 602 3165 latisondia
634 3102 768 3187 nempe
801 3090 1040 3188 amplissima,
1071 3091 1206 3189 quibus
1231 3089 1408 3186 paulatim
1437 3115 1504 3187 per

247 3208 424 3306 pietatem
445 3228 520 3284 tam
540 3211 703 3287 fidelium
723 3238 834 3310 quam
854 3213 1062 3310 principum
1091 3213 1231 3287 Sancta
1249 3210 1369 3285 Sedes
1387 3211 1504 3285 ditata

248 3344 339 3402 erat.

247 3591 331 3663 quae
351 3566 468 3640 tribus
481 3568 665 3665 prioribus
679 3569 824 3644 saeculis
838 3570 918 3668 jam
934 3569 1070 3643 fundos
1085 3568 1185 3641 haud
1206 3592 1342 3663 parvos
1369 3566 1507 3664 adepta

248 3703 337 3768 erat,
359 3701 396 3758 et
416 3686 616 3783 ampliores
635 3686 880 3783 acquisivisse
898 3687 1004 3762 brevi
1037 3705 1122 3784 post
1152 3684 1380 3782 triumphum
1406 3683 1504 3758 Con·

248 3802 411 3890 stantini,
433 3805 528 3878 adeo
561 3824 600 3879 ut
631 3805 783 3880 ineunte
809 3807 888 3905 jam
919 3805 1055 3880 saeculo
1074 3805 1127 3878 Vl
1152 3804 1441 3902 proprietatibus
1468 3822 1506 3878 et

248 3920 481 4017 patrimoniis
500 3923 680 4019 gauderet
700 3949 773 3996 uon
802 3924 839 3996 in
876 3923 982 3997 ltalia
1014 3942 1157 3998 tantum
1177 3923 1244 3997 sed
1264 3922 1298 3996 in
1320 3921 1503 4009 Sardinia,

250 4037 387 4123 Sicilia,
409 4039 572 4126 Corsica,
595 4039 726 4128 Gallia,
741 4040 1013 4140 Africa,lllyria
1027 4060 1065 4116 et
1083 4041 1176 4116 Asia
1195 4038 1248 4141 (²).

302 4155 421 4231 Hisce
439 4155 545 4231 brevi
565 4177 649 4254 post
669 4184 809 4232 novum
828 4178 866 4234 et
886 4158 1110 4257 peculiarem
1125 4159 1379 4233 characterem
1402 4160 1506 4234 auxit

247 4298 444 4370 supremus
476 4273 638 4349 influxus
669 4302 782 4372 quem
816 4276 852 4349 in
885 4303 944 4352 res
976 4277 1105 4353 civiles
1137 4277 1272 4351 summi
1306 4276 1507 4352 Pontifices

248 4393 473 4467 exercebant
486 4413 563 4467 tum
578 4395 627 4468 ob
641 4398 902 4469 concessiones
923 4397 1188 4492 imperatorum
1209 4424 1250 4469 ac
1271 4422 1411 4495 regum,
1427 4415 1505 4470 tum

290 4645 309 4683 ι.
329 4631 449 4687 Dissert.
464 4634 550 4688 select.
564 4635 596 4686 in
609 4635 683 4688 Hz'st.
700 4635 784 4701 Eccl„
794 4645 812 4688 t.
830 4635 885 4703 111,
899 4634 951 4689 dis.
969 4650 1008 4700 14.

286 4724 309 4764 a.
331 4710 471 4782 Wouters,
484 4713 552 4769 diss.
568 4715 650 4768 VIII.
664 4742 698 4753 —
713 4716 757 4770 Dc
772 4715 1013 4786 Brabander,Jus
1024 4732 1095 4784 can,
1111 4715 1133 4784 1,
1147 4732 1172 4786 p.
1186 4728 1243 4786 193.
1333 4763 1337 4770 .
