3496 5482
241 470 534 480 ——-—·-—-———..
1170 462 1497 473 ··-·-—-''-·'·--*-

593 528 716 580 canuc
742 528 922 581 premunt
949 528 1142 591 Qururuu.
1424 508 1495 596 367

689 634 989 641 —m-
994 634 1108 640 -,---.
1138 630 1496 639 -----------ι-

241 711 381 782 tautur;
400 691 590 790 quomodo
604 692 665 789 jus
688 690 878 765 Pontifieis
897 693 933 765 in
953 691 1203 789 Principatum
1222 689 1370 764 civilem
1389 714 1497 763 suum

241 811 354 887 cardo
372 810 420 884 sit
439 828 476 885 et
495 826 663 884 centrum
686 808 783 882 circa
801 810 903 907 quod
928 809 1068 884 versari
1087 826 1245 909 possunt
1268 807 1304 881 in
1322 809 1498 882 concreto

242 954 374 1005 omnes
392 927 568 1027 legitimae
589 926 870 1003 reclamationes
893 930 964 1002 aevi
985 929 1100 1004 nostri
1130 929 1165 1002 in
1180 930 1266 1027 jura
1284 927 1432 1027 publica
1455 953 1498 1001 ac

242 1047 398 1146 privata,
418 1046 625 1122 domestica
649 1071 691 1120 ac
710 1044 854 1134 civilia3
873 1073 1045 1144 quaenam
1070 1047 1233 1145 denique
1252 1066 1400 1121 exstare
1414 1071 1498 1143 pos-

241 1168 316 1241 sint
335 1166 458 1241 media
476 1165 639 1264 pacifica,
660 1167 798 1264 quibus
823 1167 898 1264 juri
925 1166 1015 1241 laeso
1044 1166 1234 1241 Pontificis
1252 1184 1366 1262 atque
1384 1165 1498 1239 totius

242 1284 432 1358 christiani
452 1284 567 1359 Orbis
593 1284 783 1382 provideri
802 1285 929 1384 possit,
951 1302 990 1359 et
1013 1285 1203 1382 quomodo
1228 1284 1265 1357 in
1290 1308 1398 1358 usum
1425 1283 1500 1357 sint

243 1402 472 1476 deducenda.
856 1401 859 1409 '

296 1530 357 1605 En
369 1554 514 1604 summa
528 1555 651 1604 rerum
672 1530 823 1606 maximi
844 1532 1023 1607 momenti
1042 1557 1134 1630 quas
1146 1531 1193 1605 ad
1207 1531 1382 1606 trutinam
1395 1555 1500 1604 revo-

244 1674 328 1724 care
346 1673 511 1748 praesens
530 1648 696 1725 conditio
711 1649 857 1725 socialis
876 1668 995 1750 urget.

293 1779 408 1878 Juvat
426 1798 557 1877 optare
570 1806 638 1877 pro
660 1782 783 1856 Patria
802 1800 929 1856 nostra
952 1780 1104 1881 Belgica
1117 1800 1156 1857 ut
1175 1781 1238 1855 filii
1253 1781 1333 1879 ejus
1347 1779 1502 1880 genuini

244 1896 415 1973 catholici
433 1899 571 1996 primas
596 1899 809 1996 arripiendo
829 1917 963 1996 partes,
992 1917 1066 1974 tam
1083 1900 1364 1999 magnanimum
1383 1898 1503 1974 consi·

245 2014 333 2090 lium
352 2018 456 2113 operi
476 2016 654 2090 mandare
672 2017 848 2092 studeant
866 2042 1166 2116 congressusque
1198 2016 1503 2093 internationales

245 2158 453 2207 convocare
476 2152 651 2234 satagant
681 2135 728 2209 ad
757 2135 1021 2210 denodandam
1041 2135 1287 2233 quaestionem
1318 2161 1392 2210 non
1420 2135 1504 2209 dico

248 2251 458 2326 Romanam
471 2252 537 2327 sed
555 2254 931 2329 Romano-socialem.
949 2253 1064 2349 Quod
1083 2280 1157 2328 nou
1178 2253 1316 2328 humile
1336 2272 1503 2329 nostrum

246 2386 390 2444 tautum
405 2369 640 2458 desiderium,
657 2373 723 2447 sed
739 2372 863 2469 potius
881 2373 1015 2447 seriam
1034 2372 1328 2470 propositionem
1342 2372 1504 2446 virorum

247 2491 481 2590 politicorum
500 2492 644 2591 optimo
663 2494 815 2593 ingenio
841 2518 884 2566 ac
911 2493 1103 2590 praestanti
1122 2492 1330 2590 prudentia,
1352 2491 1506 2566 medita·

247 2610 338 2685 tioni
357 2610 494 2684 civium
510 2631 720 2686 nostrorum
735 2611 921 2686 humiliter
935 2610 1119 2709 subjicere
1135 2637 1209 2685 non
1222 2635 1404 2696 veremur,
1422 2609 1505 2684 freti

250 2730 349 2803 enim
370 2727 490 2803 solida
519 2755 664 2805 necnon
696 2730 858 2828 practica
890 2728 1034 2804 ratione
1058 2754 1132 2829 qua
1162 2727 1231 2826 ipsi
1259 2753 1318 2803 res
1350 2745 1508 2802 tractare

249 2846 382 2922 solent.

298 2978 330 3039 9.
352 2965 466 3061 Quod
484 2967 515 3040 si
534 2986 702 3041 nostrum
722 2965 954 3065 propositum
974 2964 1130 3040 aliorum
1150 2964 1365 3040 testimonio
1381 2964 1509 3039 fulcire

248 3110 344 3183 opus
362 3102 429 3171 est,
447 3084 560 3159 citare
575 3083 683 3159 liceat
703 3084 1052 3159 Eminentissimum
1067 3083 1305 3159 Cardinalem
1320 3082 1509 3183 Vaughan

248 3225 288 3281 et
310 3205 569 3280 Marchionem
601 3206 649 3279 de
680 3205 714 3279 la
747 3205 854 3303 Vega
886 3206 932 3279 de
963 3205 1121 3303 Armijo
1146 3205 1362 3279 Ministrum
1386 3227 1508 3278 rerum

249 3343 488 3399 externarum
508 3323 613 3422 regni
632 3322 839 3421 Hispaniae.

304 3450 460 3524 Praestat
490 3449 675 3547 ipsissima
706 3449 834 3523 audire
854 3447 1063 3523 Cardinalis
1092 3447 1510 3522 Westmonasteriensis

249 3567 387 3649 verba:
409 3579 429 3606 ‘⁶
452 3567 507 3641 Le
526 3585 648 3664 temps
667 3586 853 3666 opportun
874 3564 1008 3640 n’est·il
1027 3592 1095 3662 pas
1114 3593 1212 3641 venu
1231 3591 1326 3663 pour
1345 3565 1441 3640 tenir
1460 3589 1509 3639 un

250 3712 298 3760 ou
317 3685 500 3783 plusieurs
518 3683 678 3784 congres
697 3683 1004 3758 zitternationaux
1020 3709 1067 3758 en
1087 3684 1217 3759 laveur
1235 3685 1303 3759 des
1324 3683 1441 3758 droits
1459 3682 1510 3755 du

251 3803 496 3903 SaintSiege
513 3802 528 3876 ?

304 3931 449 4004 “Nous
467 3957 587 4006 avons
605 3957 651 4007 eu
667 3932 862 4029 beaucoup
881 3932 929 4007 de
948 3934 1135 4033 meetings
1153 3933 1284 4008 locaux
1305 3948 1342 4006 et
1357 3931 1405 4005 de
1423 3954 1510 4005 con·

250 4049 339 4148 gres
359 4049 562 4123 nationaux
581 4050 717 4125 durant
744 4077 806 4124 ces
834 4049 1026 4126 dernieres
1052 4053 1203 4137 annees‚
1224 4051 1318 4124 dans
1350 4071 1512 4146 presque

253 4188 375 4245 toutes
387 4169 441 4244 les
452 4171 624 4246 contrees
638 4171 686 4245 de
701 4171 890 4270 l'Europe.
902 4172 976 4247 Les
990 4173 1233 4271 catholiques‚
1241 4196 1308 4269 par
1319 4169 1355 4245 la
1366 4167 1513 4243 bouchc

253 4290 300 4365 de
318 4288 415 4364 leurs
434 4289 549 4376 chess,
571 4291 870 4390 ecclesiastiques
889 4311 926 4366 et
945 4291 1098 4390 laiques‚
1119 4310 1186 4367 ont
1204 4292 1421 4366 clairement
1441 4287 1512 4361 lor·

253 4408 353 4483 mule
370 4408 468 4483 leurs
489 4432 701 4507 pressantes
722 4412 1021 4486 revendications
1036 4439 1131 4511 pour
1149 4414 1183 4487 la
1202 4409 1450 4487 restauration
1462 4407 1513 4481 du

256 4530 442 4627 Principat
461 4530 545 4603 civil
561 4530 610 4603 du
635 4533 744 4629 Pape.
767 4531 841 4606 Ces
860 4533 1047 4633 meetings
1065 4559 1113 4608 ne
1126 4549 1293 4630 peuvent
1310 4555 1377 4628 pas
1396 4526 1513 4602 conti·

254 4673 348 4723 nuer
366 4666 404 4723 et
422 4673 463 4723 se
482 4649 629 4744 repetet
647 4650 905 4726 indefiniment
915 4679 923 4740 ;
942 4650 1021 4726 leur
1039 4653 1270 4751 importance
1281 4648 1462 4749 politique
1475 4663 1514 4720 et
