3496 5482
598 675 810 757 CAPUT
844 673 1174 759 OCTAVUM.

243 833 562 932 Quantopere
576 826 813 926 sacrilega
825 825 1058 925 spoliatio
1072 828 1283 925 S.Sedis,
1294 849 1383 930 per
1401 828 1525 911 fere-

295 950 548 1051 integrum
564 946 813 1028 saeculum
830 948 1164 1044 protractam
1181 967 1338 1030 manu
1356 953 1504 1030 sectae

169 1112 175 1119 ,
297 1068 598 1151 Massonicae
643 1065 872 1147 inserviit
889 1065 951 1146 ad
980 1085 1184 1163 errores⁵
1214 1069 1429 1150 crimina
1456 1075 1506 1150 et

295 1185 505 1288 injurias
561 1190 828 1284 omnigena
878 1184 1084 1281 publice
1127 1189 1404 1287 spargenda
1451 1187 1504 1266 in

295 1301 873 1387 “subversionemtotius
886 1302 1081 1382 ordinis
1094 1303 1328 1385 civilium
1342 1304 1503 1387 socie-

295 1428 460 1506 tatum
482 1424 498 1452 ’'
519 1421 577 1523 (¹).

290 1691 318 1748 l.
355 1691 508 1748 Factum
533 1687 770 1760 spoliationis
795 1686 1013 1746 societatem
1042 1691 1205 1762 Europae
1230 1691 1443 1764 praecipitat
1465 1693 1504 1750 in

244 1787 405 1847 ruinam.
422 1823 458 1833 -
473 1787 509 1847 2.
528 1789 572 1847 in
589 1787 671 1860 ipso
689 1787 935 1845 cumulantur
950 1787 1155 1847 innumera
1170 1790 1282 1853 mala.
1298 1824 1338 1834 —
1353 1792 1383 1852 3.
1401 1793 1503 1852 Con-

243 1889 364 1959 geries
378 1899 552 1947 errorum
564 1887 704 1960 quibus
720 1886 865 1947 laborat
879 1891 1008 1946 nostra
1022 1889 1191 1948 societas.
1204 1925 1244 1934 -
1261 1889 1298 1952 4.
1317 1892 1504 1957 Cumulus

244 1987 447 2046 criminum
474 1990 511 2044 et
536 1989 661 2058 primo
676 1985 928 2056 sacrilegium.
945 2019 983 2028 -
1003 1984 1036 2046 5.
1059 1987 1169 2060 Quod
1191 1991 1504 2049 excommunica-

244 2086 386 2143 tionem
398 2085 580 2157 majorem
593 2083 739 2142 inducit
751 2087 788 2142 et
798 2083 1193 2147 auctoribusminatur
1204 2086 1411 2146 vindictam
1423 2088 1504 2148 Dei.

244 2213 284 2226 -
299 2181 331 2243 6.
348 2184 468 2244 Atrox
482 2186 539 2241 est
554 2186 591 2240 et
607 2182 758 2254 publica
774 2182 824 2254 in]
832 2182 968 2242 ustitia.
985 2215 1025 2225 -
1039 2182 1073 2244 7.
1090 2183 1247 2243 Summa
1261 2184 1503 2256 ingratitudo.

245 2319 285 2327 —
302 2288 337 2347 8.
352 2282 466 2342 Foeda
476 2294 603 2341 coram
619 2281 797 2342 omnibus
812 2282 1038 2355 hypocrisis.
1055 2317 1093 2326 -
1110 2285 1142 2345 9.
1157 2285 1255 2344 Fons
1277 2285 1503 2359 iniuriarum

245 2382 451 2440 multarum
478 2385 595 2440 totam
619 2378 838 2441 societatem
861 2379 1181 2442 labefactantium.
1202 2415 1242 2425 —
1265 2383 1320 2444 10.
1346 2385 1504 2447 Factum

247 2480 472 2553 injuriosum
488 2479 612 2537 ordini
623 2477 779 2551 politico
793 2478 927 2538 italiae.
947 2510 987 2521 —
1004 2480 1054 2540 il.
1072 2480 1326 2542 Latrocinium
1340 2481 1505 2542 inferens

246 2579 429 2640 offensam
445 2580 672 2640 nationibus.
691 2579 801 2640 -12.
821 2579 968 2652 Iniuria
991 2580 1028 2637 in
1056 2579 1218 2641 Ordines
1242 2582 1436 2653 religiosos
1457 2583 1506 2643 ob

245 2678 540 2737 destructionem
564 2678 765 2736 domorum
786 2676 1060 2749 generalitium.
1084 2712 1121 2720 -
1152 2678 1203 2738 13.
1222 2679 1369 2752 injuria
1383 2680 1423 2738 in
1445 2679 1505 2739 SS.

246 2777 573 2852 congregationes,
588 2781 628 2833 ut
640 2791 676 2834 v.
694 2791 726 2850 g.
740 2777 787 2835 de
806 2773 1052 2850 propaganda
1068 2773 1143 2834 nde
1160 2809 1199 2818 -
1214 2781 1252 2834 et
1267 2777 1340 2836 alia
1354 2777 1506 2851 piorum

245 2889 416 2951 operum.
432 2874 538 2935 -14,
554 2875 706 2937 Crimen
715 2873 928 2948 juridicum
941 2879 996 2933 est
1009 2874 1130 2935 codex
1145 2875 1306 2946 poenalis
1321 2875 1508 2936 adversus

248 2977 402 3039 Clarum
414 2975 654 3048 approbatus.
677 2973 784 3036 -15.
803 2972 1077 3045 Recapitulatio
1097 2970 1268 3036 influxus
1284 2973 1401 3047 huius
1418 2988 1507 3048 pes-

248 3074 335 3133 simi
353 3086 361 3133 :
379 3078 434 3133 est
446 3077 595 3132 tantum
608 3073 759 3133 initium
775 3071 973 3130 malorum.

302 3340 329 3398 l.
348 3325 486 3399 Utrum
505 3325 664 3398 societas
684 3341 810 3398 nostra
829 3345 997 3420 praeceps
1010 3346 1128 3417 usque
1148 3321 1184 3394 in
1205 3323 1347 3396 ruinam
1368 3323 1509 3398 ruitura

249 3444 307 3529 sit,
327 3470 375 3517 an
395 3443 517 3540 potius
536 3443 583 3516 ad
600 3443 760 3516 Matrem
777 3459 814 3516 et
836 3441 1151 3515 Restauratricem
1173 3439 1382 3514 Ecclesiam
1402 3441 1508 3516 brevi

251 3561 501 3648 convolatura,
537 3561 732 3635 nescimus
752 3558 1025 3632 -Enimvero
1045 3557 1115 3631 hoc
1135 3576 1371 3654 perspectum
1396 3560 1508 3634 habe·

251 3706 344 3766 mus,
365 3680 530 3777 iniquum
551 3680 702 3764 lacinus,
722 3679 823 3777 quod
844 3678 920 3751 fere
943 3677 1129 3775 integrum
1157 3696 1313 3773 occupat
1332 3678 1507 3752 saeculum

252 3798 365 3883 XIX,
408 3799 514 3897 cujus
539 3797 715 3897 prologus
734 3797 782 3870 ab
801 3796 953 3869 ineunte
981 3818 1065 3867 aevo
1093 3811 1221 3867 nostro
1244 3795 1324 3892 jam
1345 3794 1507 3891 incoepit,

253 3917 357 4015 cujus
368 3915 536 3990 luctuosa
546 3916 729 4015 tragoedia
741 3932 926 4012 protracta
937 3930 994 3987 est
1008 3912 1056 3985 ab
1067 3915 1237 3986 ann0181
1247 3935 1265 4007 5
1275 3938 1393 4010 usque
1404 3916 1508 4006 1870,

254 4054 292 4109 et
309 4036 414 4133 cujus
432 4036 595 4132 denique
623 4032 872 4107 lamentabilis
898 4030 1069 4128 epilogus
1099 4054 1166 4126 per
1186 4031 1317 4129 viginti
1345 4031 1512 4128 quinque

255 4178 373 4225 annos
388 4152 578 4248 Europam
595 4169 753 4249 torquet,
770 4148 983 4249 hujusmodi
997 4172 1081 4221 esse
1095 4146 1238 4235 indolis,
1256 4165 1295 4221 ut
1313 4148 1512 4222 societates

255 4269 383 4344 civiles
403 4272 522 4370 magis
543 4270 737 4368 magisque
767 4295 789 4342 a
821 4267 923 4341 sonte
942 4265 1073 4339 salutis
1093 4264 1229 4339 alienet
1258 4290 1397 4363 easque
1420 4290 1512 4361 prae-

256 4387 387 4486 cipites
419 4390 465 4462 ad
498 4390 687 4462 interitum
717 4387 849 4460 mittat.
874 4383 1047 4469 Proinde,
1068 4383 1170 4480 quod
1197 4383 1228 4457 si
1256 4383 1511 4458 fundationem

261 4508 428 4582 Dominii
447 4507 662 4604 temporalis
682 4508 719 4580 S.
742 4507 862 4592 Sedis,
881 4505 1024 4579 sortiter
1044 4528 1187 4577 necnon
1207 4504 1372 4578 suaviter
1390 4505 1514 4578 elabo-

297 4708 316 4745 ι.
330 4694 395 4746 Pius
416 4696 466 4748 IX.
488 4694 604 4762 Encycl.
620 4693 724 4758 Nostis,
742 4692 777 4746 ad
800 4692 962 4761 tichicum
989 4689 1084 4757 Epist.
1101 4688 1165 4744 ltal.
1180 4688 1290 4759 Neap.8
1306 4691 1375 4745 Dec.
1394 4690 1475 4756 1849.
