3496 5482
736 431 848 439 --
860 431 969 438 —-—
982 431 1087 438 —
1356 420 1515 435 ‘a

239 499 311 569 412
570 495 691 547 11101111
719 495 1004 547 1111111110111
1031 480 1173 546 aarum

727 601 851 608 ——-
1416 591 1511 601 --ι-ο

239 656 362 712 Carolus
375 656 499 725 Magnus
511 654 648 726 praeclara
659 654 747 724 gessit
760 669 811 724 pro
822 653 959 709 Dominio
970 651 1119 723 temporali
1134 653 1163 706 S.
1175 650 1268 718 Sedis,
1279 650 1323 705 81.

239 746 338 801 Causa
348 744 441 815 Papae,
450 761 537 799 causa
546 753 589 799 est
600 743 772 819 Principum,
786 757 882 812 331.—
894 743 990 798 Causa
1002 750 1108 809 nostra,
1118 754 1215 809 337.-
1228 739 1327 796 Causa
1339 734 1518 793 internatio·

275 834 356 902 nalis,
371 833 432 902 338.

242 921 417 978 Cautionum
428 923 505 991 leges
514 922 735 992 (Guarenlr‘giel
742 922 780 978 ab
790 921 871 977 ltalia
881 921 1012 987 inveutae,
1021 928 1051 975 ut
1060 916 1188 975 Pontifici
1197 926 1294 972 esseut
1302 932 1357 987 pro
1369 912 1518 969 Dominio

280 1010 439 1082 temporali,
449 1011 557 1067 nullam
569 1011 676 1068 habent
689 1011 871 1077 soliditatem,
884 1024 979 1064 m.-
994 1009 1111 1063 Nullam
1120 1007 1189 1062 dant
1199 1005 1398 1072 securitatem,
1413 1016 1517 1071 113-

279 1099 423 1156 Absurdae
436 1110 505 1156 sunt
519 1116 674 1172 verumque
688 1100 849 1167 ludibrium,
862 1113 923 1166 114,
936 1097 994 1153 116.
1012 1127 1042 1137 -
1056 1095 1216 1166 Meritoque
1230 1101 1372 1149 uocantur
1385 1092 1427 1147 ab
1448 1090 1516 1162 ipso

280 1188 416 1259 deputato
429 1189 589 1246 Bartolucci
603 1188 620 1218 ‘⁴
633 1189 752 1244 ironiam
764 1190 788 1255 ”,
801 1203 860 1257 149.

244 1275 406 1347 Cavaignac
419 1277 553 1334 auxilium
566 1278 625 1334 vult
637 1277 764 1333 conferre
778 1277 829 1332 Pio
844 1277 895 1344 lX,
911 1289 968 1346 154

243 1365 285 1421 Ca
292 1381 363 1420 vour
374 1364 601 1438 conspiratorum
614 1376 715 1422 contra
727 1366 756 1421 S.
770 1365 874 1421 Sedem
886 1364 951 1432 dux,
968 1362 1025 1432 156,
1041 1375 1097 1431 157.

244 1453 364 1511 Clerum
377 1453 474 1510 volunt
487 1471 666 1523 corrumpere
679 1454 972 1525 ludaico-Massones,
988 1465 1045 1519 147.

242 1541 344 1598 Codex
357 1543 478 1613 poenalis
491 1543 648 1599 Zanardelli
668 1542 775 1597 crimen
797 1551 841 1598 est
857 1540 1017 1611 juridicum,
1034 1554 1098 1608 193;
1116 1538 1223 1594 directe
1240 1536 1305 1608 jura
1326 1535 1399 1592 cleri
1420 1534 1513 1593 ouen·

277 1629 358 1698 dens,
372 1646 432 1687 111.

247 1719 486 1776 Communismus.
501 1720 587 1789 (Vide
599 1720 617 1749 “
630 1721 780 1776 Massones
792 1721 807 1749 ”
819 1728 847 1775 et
860 1718 877 1747 “
890 1718 1075 1775 Socialismus
1085 1716 1120 1784 ’').

243 1807 378 1864 Concilia
391 1808 596 1865 damnaverunt
609 1810 800 1865 destructores
814 1807 940 1863 Dominii
953 1805 1118 1878 temporalis
1131 1805 1159 1860 S.
1174 1803 1267 1874 Sedis,
1279 1815 1323 1873 45.

245 1896 381 1954 Conditio
390 1897 523 1965 opificum
533 1897 677 1969 quomodo
687 1897 814 1953 curanda
822 1897 858 1952 sit
868 1896 993 1968 practice
1002 1894 1164 1951 ostenderet
1175 1893 1254 1964 Papa
1263 1889 1293 1947 in
1301 1891 1363 1947 suis
1372 1891 1511 1960 statibus,

279 1984 303 2040 sl
316 1996 391 2042 esset
404 2003 461 2053 rex,
477 2001 537 2056 311,
552 1987 610 2055 348.

244 2072 429 2143 congressus
442 2075 511 2132 fiant
524 2074 725 2147 quamplurimi
739 2075 765 2130 in
776 2075 1034 2131 revendicatiooem
1045 2072 1149 2144 jurium
1162 2070 1265 2126 summi
1274 2068 1435 2138 Pontificis,
1446 2069 1509 2139 364,

215 2217 224 2235 .
279 2162 339 2230 166,
353 2164 414 2232 161,
427 2164 487 2234 169·

243 2251 422 2322 Coogreasus
437 2253 653 2309 Tremoniensis
669 2253 745 2323 1896,
759 2254 902 2324 exemplar
914 2250 1172 2307 revendicatiooutu
1185 2247 1401 2316 catholicorum,
1415 2261 1479 2314 401.

243 2339 420 2410 Congressus
433 2340 605 2397 Viennensis
619 2342 696 2412 1815,
706 2342 836 2413 quamvis
845 2342 908 2396 aliis
916 2341 952 2397 de
962 2339 1056 2396 causis
1065 2347 1247 2406 convocatus,
1256 2334 1508 2407 providentialiter

277 2427 359 2483 Pium
372 2429 430 2485 Vll
446 2429 474 2485 in
488 2429 626 2487 ditionem
639 2447 721 2486 suam
734 2430 863 2498 restituit,
874 2443 934 2499 371.
1421 2487 1424 2492 ,

242 2516 420 2587 Congressus
442 2529 616 2575 convocetur
637 2520 694 2590 qui,
710 2536 762 2575 ceu
784 2519 915 2587 tribuual,
925 2517 1032 2589 iudicet
1053 2515 1157 2586 agendi
1175 2514 1314 2571 rationem
1328 2512 1424 2569 ltaliae
1436 2530 1509 2585 erga

278 2603 424 2662 vicarium
439 2606 546 2662 Christi
561 2623 666 2678 regem,
682 2622 740 2675 371.

244 2693 464 2751 Constantiense
479 2695 639 2752 Concilium
653 2712 780 2752 errorem
794 2696 940 2752 damnavit
953 2695 1087 2751 Wikleffii
1100 2694 1187 2750 relate
1199 2694 1237 2750 ad
1251 2695 1421 2752 Dominiutu
1433 2703 1505 2751 tem·

278 2783 384 2852 porale,
396 2785 440 2849 46.

244 2869 449 2926 Constantinus
465 2871 623 2943 imperator
638 2889 727 2943 quare
741 2875 862 2928 Romam
875 2871 1039 2943 reliquerit?
1050 2886 1110 2940 131.

241 2957 434 3030 Cooperemur
449 2961 512 3015 Deo
525 2961 553 3015 in
566 2961 752 3016 acceleranda
765 2961 969 3016 instauratione
983 2960 1086 3030 regalis
1099 2958 1249 3032 potestatis
1267 2958 1374 3015 Vicarii
1395 2959 1505 3016 Christi

278 3055 307 3100 et
320 3046 499 3103 restitutione
511 3048 619 3103 ordinis
633 3049 747 3104 socialis
761 3049 926 3120 perturbati,
941 3063 1000 3117 351,
1015 3063 1073 3117 379.

245 3133 357 3203 Corluy,
371 3136 399 3190 S.
413 3136 447 3205 J,
460 3136 567 3205 optime
589 3137 789 3207 interpretatur
811 3138 916 3192 verba:
940 3136 1101 3205 “Regnum
1123 3153 1219 3192 meum
1241 3146 1362 3192 nonest
1383 3135 1421 3191 de
1443 3136 1500 3190 hoc

279 3221 387 3278 mundo
401 3222 422 3290 '’,
436 3223 595 3294 saepissime
608 3235 707 3280 contra
721 3235 892 3296 potestatem
906 3226 1030 3295 regalem
1045 3226 1130 3294 Papae
1143 3224 1264 3295 objecta,
1279 3237 1319 3292 39.

248 3318 393 3398 Dictator
406 3353 499 3414 potest
518 3344 583 3400 oriri
597 3345 644 3417 qui
666 3346 796 3400 nationes
818 3345 965 3401 submittat
988 3362 1076 3415 regno
1097 3345 1212 3414 justitiae
1231 3354 1259 3401 et
1274 3344 1383 3416 Papam
1402 3360 1502 3413 regem

280 3427 441 3497 constituat,
455 3442 514 3500 352.

248 3515 414 3572 Dominium
428 3520 585 3589 temporale
599 3518 684 3587 (Vide
696 3519 714 3549 ‘⁶
729 3520 906 3590 Principatus
918 3519 952 3589 ”).

246 3604 424 3661 Donationes
437 3606 537 3677 Pepini
551 3616 579 3662 et
593 3607 686 3663 Caroli
699 3609 801 3677 11.,69,
810 3609 889 3663 81-
901 3609 1074 3676 11111111οη1,
1085 3622 1127 3677 71,
1139 3620 1154 3673 7
1158 3621 1217 3676 5.-
1229 3607 1410 3675 Posteriores,
1423 3606 1504 3662 82.-

281 3693 443 3750 Comitissae
457 3694 596 3762 Matildae‚
610 3696 651 3750 82.

250 3788 393 3868 Ecclesia
407 3813 467 3868 sola
481 3825 574 3885 potest
587 3814 781 3871 socialismum
795 3818 915 3886 vincere,
932 3817 969 3871 18.
984 3847 1018 3855 —
1032 3818 1167 3871 Formam
1189 3812 1334 3870 societatis
1357 3813 1502 3883 periectae,

283 3897 311 3952 vi
324 3897 429 3953 divioae
442 3916 501 3954 suae
514 3900 700 3957 institutionis
713 3902 842 3971 obtinuit,
855 3917 943 3968 41-
958 3902 1070 3972 Indiget
1084 3902 1211 3957 Primatu
1223 3909 1252 3956 et
1265 3906 1407 3970 potestate
1417 3899 1503 3967 civili,

280 4002 337 4040 non
351 3986 466 4056 quidem
488 3995 521 4042 ul
541 3990 581 4043 sit
600 3988 773 4061 simpliciter,
787 3991 838 4046 sed
858 4001 887 4046 ut
907 3991 972 4045 bene
993 3990 1037 4058 sit,
1050 4004 1093 4058 42.
1107 4020 1141 4028 —
1154 3988 1326 4059 Jamdudum
1347 3995 1504 4057 antequam

282 4089 365 4127 suum
376 4073 494 4130 haberet
508 4075 619 4131 civilem
635 4077 837 4149 Principatum,
847 4078 923 4133 bona
935 4077 1099 4149 possidebat
1113 4074 1289 4147 temporalia,
1303 4075 1360 4128 180.

248 4159 382 4232 Episcopi
396 4161 472 4218 orbis
495 4163 626 4220 catholici
640 4164 744 4223 docent
763 4165 955 4221 necessarium
969 4182 1033 4222 esse
1046 4167 1178 4219 Romano
1192 4161 1321 4218 Pontifici
1336 4159 1505 4216 Dominium

283 4264 363 4303 suum
377 4252 542 4320 temporale,
556 4253 742 4322 praesentibus
756 4253 784 4308 in
797 4254 1026 4323 circumstantiis,
1040 4269 1082 4321 49.

248 4335 364 4407 Europa
377 4353 428 4406 per
440 4338 640 4408 spoliationem
656 4341 682 4395 S.
699 4341 781 4396 Sedis
795 4342 989 4412 praecipitatur
1001 4343 1029 4396 ln
1043 4341 1162 4408 ruinam,
1180 4352 1237 4408 173.

248 4423 514 4481 Excommunicatio
527 4428 586 4483 lata
598 4428 627 4483 iu
641 4444 705 4484 reos
719 4429 898 4500 spoliationis
911 4430 939 4486 S.
955 4428 1046 4498 Sedis,
1063 4442 1120 4495 177.

251 4518 346 4599 Fidei
371 4545 441 4601 varii
461 4547 568 4618 gradus
591 4549 679 4605 relate
699 4550 736 4606 ad
759 4551 881 4607 Romani
897 4550 1043 4607 Pontificis
1059 4549 1223 4616 Primatum,
1237 4546 1446 4603 immunitatem
1469 4563 1504 4604 ac

284 4633 451 4691 Dominium
464 4639 627 4711 temporale
640 4640 867 4710 Animadversio,
880 4656 931 4707 401
944 4651 973 4698 et
986 4655 1064 4711 seqq.
