3496 5482
687 572 808 625 emur
836 573 1058 625 sucuuuuu.
1457 578 1505 649 39

296 736 480 812 Probatu'r
507 736 676 813 secundo
692 735 852 814 ratione.
869 735 1041 811 Potestas
1066 737 1166 812 eninr
1197 735 1449 837 ecclesiastica
1467 754 1505 815 et

245 855 395 952 politica
413 880 490 930 non
508 873 595 930 sunt
608 853 907 929 contradictoriae
923 879 1045 953 neque
1056 856 1250 953 oppositae,
1265 857 1332 932 sed
1347 868 1504 956 utraque

245 976 353 1063 bona,
371 993 527 1074 utraque
539 992 597 1050 est
621 1001 643 1048 a
667 975 778 1062 Deo;
796 998 869 1048 una
880 973 986 1049 alteri
999 975 1131 1062 servit;
1150 974 1249 1049 nulla
1261 973 1504 1073 implacabilis

244 1119 371 1194 pugna
389 1094 487 1169 inter
516 1111 735 1191 utramque;
764 1117 857 1192 ergo
882 1092 991 1166 simul
1011 1093 1047 1166 in
1075 1093 1319 1196 eodemess'e
1346 1107 1504 1191 possunt

244 1237 326 1287 cum
348 1212 384 1285 in
403 1212 531 1309 primis
550 1211 729 1286 divinitus
743 1212 778 1285 in
792 1212 873 1309 ipso
888 1213 1174 1310 conjunguntur.

294 1338 569 1414 Confirmatur:
593 1339 656 1437 qui
682 1339 918 1412 donaverunt
948 1338 1142 1436 Episcopo
1170 1318 1501 1439 RomanoP'rinci·

243 1473 370 1553 patum
391 1455 645 1554 temporalem,
673 1456 723 1553 pii
744 1456 915 1529 homines
935 1439 1161 1542 florueruntss
1189 1456 1279 1530 dum
1311 1481 1332 1529 e
1359 1473 1499 1542 contra,

243 1575 306 1671 qui
325 1574 509 1673 ejusmodi
532 1574 785 1670 Principatum
814 1573 959 1648 auferre
985 1574 1108 1648 conati
1127 1591 1224 1659 sunt,
1255 1574 1303 1647 ab
1328 1573 1502 1648 omnibus

242 1718 344 1767 sanae
363 1693 498 1768 mentis
505 1692 706 1791 judicibus,
722 1710 761 1768 ut
776 1692 899 1789 impiis
918 1691 1109 1792 sacrilegis
1128 1692 1411 1790 adstipulantur.

294 1818 336 1892 Si
350 1817 524 1917 objicitur
542 1817 698 1892 verbum
730 1817 909 1892 Domini:
928 1818 1045 1915 Reges
1062 1821 1235 1917 gentium
1257 1819 1504 1893 dominantur

241 1940 376 2023 eornm,
397 1963 457 2011 vor
469 1947 591 2011 antem
610 1963 681 2011 non
696 1937 748 2011 sic
761 1935 815 2035 (¹),
833 1982 882 1994 —
896 1963 1117 2034 responsum
1131 1955 1269 2035 praesto
1283 1955 1342 2012 est
1359 1954 1398 2012 et
1416 1963 1499 2011 curn

243 2055 286 2130 cl.
333 2055 559 2130 Bellarmino
594 2057 771 2143 dicemus,
808 2057 1015 2133 Dominum
1055 2055 1114 2130 hic
1153 2057 1273 2132 solum
1305 2057 1500 2132 instituere

243 2203 366 2252 meros
387 2179 579 2276 Principes
596 2178 877 2264 ecclesiasticos,
902 2205 944 2254 ac
963 2180 1107 2265 docere,
1129 2197 1169 2254 ut
1200 2177 1293 2255 tales
1312 2178 1388 2252 suis
1408 2202 1499 2275 prae·
1568 2154 1573 2172 '

203 2325 205 2329 ·
242 2296 317 2370 sint
334 2296 493 2371 subditis
510 2323 517 2383 ;
537 2297 556 2371 i.
588 2323 619 2372 e.
647 2323 721 2372 non
742 2322 844 2371 more
873 2322 1002 2395 regum
1021 2316 1059 2372 et
1081 2297 1316 2372 dominorum
1333 2313 1496 2371 terreno·

242 2439 334 2500 rum,
354 2415 421 2489 sed
441 2440 544 2491 more
567 2433 713 2512 patrum
733 2432 770 2489 et
790 2431 1003 2511 pastorum;
1023 2413 1108 2489 hinc
1132 2414 1284 2488 minime
1311 2414 1424 2514 igitur
1441 2438 1498 2488 se·

241 2532 304 2629 qui
323 2531 645 2608 insociabilitatem
670 2558 744 2630 qua
776 2557 871 2607 unus
908 2533 1082 2631 idemque
1102 2532 1271 2631 nequiret
1296 2557 1380 2607 esse
1407 2531 1499 2628 Epi·

241 2675 377 2747 scopus
396 2669 432 2724 et
456 2651 633 2748 Princeps
652 2648 706 2751 (²).

293 2774 376 2850 Nec
396 2778 515 2876 magis
533 2775 757 2851 adversariis
785 2775 886 2851 lavet
906 2775 1045 2850 dietum
1069 2774 1209 2850 Christi
1236 2775 1284 2849 ad
1311 2773 1497 2850 Pilatum:

241 2893 410 2991 Regnum
430 2920 548 2967 meum
575 2920 647 2968 non
670 2904 722 2969 est
743 2918 794 2967 na
811 2893 876 2967 hoc
896 2893 1031 2968 mundo
1050 2891 1103 2994 (³),
1127 2892 1300 2968 Christus
1319 2893 1419 2968 enim
1433 2893 1497 2966 mi·

243 3012 341 3086 nime
360 3012 500 3087 dixisse
532 3012 646 3087 iertur
664 3040 671 3086 :
691 3038 764 3087 non
788 3030 846 3086 est
864 3011 991 3085 1uhoc
1015 3013 1164 3098 mund0,
1185 3029 1253 3097 ast,
1276 3029 1315 3084 ut
1333 3010 1498 3085 animad-

242 3129 353 3203 vertit
375 3129 414 3203 P.
435 3129 586 3227 Corluy,
606 3139 626 3168 ‘⁸
639 3149 697 3204 est
708 3130 807 3204 enim
821 3153 977 3228 regnum
993 3128 1088 3226 Ejus
1101 3155 1190 3204 vere
1203 3151 1244 3202 ru
1258 3128 1329 3203 hoc
1344 3128 1495 3212 mund0,

241 3244 336 3319 sicut
354 3246 523 3343 discipuli
546 3246 641 3346 Ejus
660 3247 697 3320 in
724 3246 864 3320 mundo
887 3263 975 3320 sunt
992 3275 999 3333 ;
1018 3246 1085 3319 sed
1111 3246 1207 3320 sicut
1226 3245 1295 3342 ipsi
1317 3269 1391 3318 non
1411 3261 1498 3317 sunt

243 3386 292 3436 ns
310 3364 381 3438 hoc
400 3364 540 3439 mundo
559 3365 609 3438 ita
626 3384 663 3439 et
683 3364 822 3439 Christi
843 3389 999 3462 regnum
1020 3389 1095 3438 non
1114 3380 1172 3438 est
1193 3387 1243 3436 na
1258 3363 1329 3437 hoc
1345 3361 1495 3436 mundo.

246 3480 347 3555 Hinc
361 3480 485 3556 denuo
496 3482 603 3557 abest
616 3500 655 3555 ut
666 3481 910 3556 excludantur
929 3480 976 3554 ab
998 3480 1168 3555 Ecclesia
1185 3481 1332 3554 externi
1348 3478 1497 3575 regimi-

241 3600 301 3672 nis
309 3598 410 3697 jura;
431 3600 545 3673 immo
556 3625 647 3674 vero
654 3601 716 3698 jus
729 3599 842 3674 habet
854 3598 1056 3672 adhibendi
1070 3599 1195 3672 omnia
1209 3596 1330 3671 media
1343 3615 1499 3671 externa

241 3741 325 3813 quae
343 3717 555 3791 conducunt
586 3718 634 3791 ad
662 3742 818 3816 regnum
848 3716 1048 3814 spirituale,
1079 3741 1282 3812 supernum
1316 3714 1496 3789 tuendum

242 3859 284 3907 ac
303 3835 611 3931 promovendum,
641 3853 679 3909 et
705 3833 792 3908 nulli
812 3835 988 3931 potestati
1014 3860 1098 3933 quae
1122 3835 1171 3908 sit
1198 3858 1248 3907 os
1267 3834 1338 3907 hoc
1358 3832 1497 3907 mundo

242 3952 326 4028 licet
339 3954 409 4029 hoc
418 3956 481 4054 jus
496 3957 532 4030 in
551 3954 675 4053 aliqua
695 3981 735 4030 re
754 3955 957 4053 infringere
976 3952 1032 4056 (⁴).
1053 3955 1071 3983 ”

293 4080 466 4155 Tandem
496 4082 542 4154 ad
575 4081 728 4181 egregia
769 4081 868 4155 dicta
900 4106 984 4178 quae
1026 4081 1097 4154 sibi
1130 4080 1320 4154 vindicant
1355 4106 1404 4155 ex
1433 4105 1498 4155 ore

245 4201 293 4274 D.
317 4201 442 4274 Pauli:
463 4200 585 4275 Nemo
603 4201 772 4275 mnlz'tans
791 4202 870 4275 Deo
889 4201 1054 4297 implicat
1077 4227 1113 4273 se
1139 4199 1292 4296 negotiis
1311 4200 1498 4273 saculari-

282 4488 301 4527 ι,
316 4472 432 4540 Marrn,
446 4484 499 4538 XX,
514 4488 555 4542 25.

278 4567 302 4606 2.
315 4554 359 4606 De
373 4553 450 4606 Rom.
464 4553 557 4619 Pont,
571 4553 619 4608 lib.
633 4554 668 4620 V,
681 4569 743 4623 cap.
761 4568 799 4607 10.

277 4631 508 4701 3.Joon.,xvr11,
524 4632 566 4700 36.

276 4727 302 4780 4.
319 4712 549 4767 Commentarius
560 4711 589 4767 in
604 4713 633 4767 S.
645 4714 728 4784 joan,
742 4714 761 4768 Ι.
775 4730 805 4781 c,
821 4730 846 4783 p.
858 4729 919 4779 400.
