3496 5482
660 519 876 572 CONCLUSIO
904 519 1099 571 PRACTICA.
1438 520 1505 590 391

246 627 287 637 ...-
765 628 816 633 .—

297 691 319 724 “
340 681 453 756 Faxit
474 683 591 768 Deus,
613 699 653 757 ut
672 680 732 769 illi,
754 699 947 779 comperta
965 706 1094 756 eorum
1115 705 1200 778 quae
1218 680 1381 754 diximus
1415 681 1510 755 veri-

245 817 331 887 tate,
377 825 420 874 ac
450 825 577 875 secum
610 818 875 898 reputantes...
903 801 940 873 in
977 798 1157 874 Ecclesiae
1190 797 1447 874 incolumitate
1474 818 1512 875 et

244 918 428 1017 obsequio
446 943 551 993 suam
583 919 696 993 etiam
724 944 767 993 ac
799 917 984 1017 publicam
1014 917 1307 993 incolumitatem
1343 936 1381 993 et
1413 936 1511 993 tran·

244 1037 465 1135 quillitatem
484 1037 677 1123 contineri,
699 1037 949 1137 cogitationes
967 1063 1053 1111 suas
1073 1054 1110 1112 et
1128 1062 1236 1111 curas
1251 1036 1447 1112 conserant
1462 1037 1510 1111 ad

245 1155 405 1231 levanda
425 1156 531 1243 mala,
551 1156 686 1256 quibus
706 1155 877 1230 Ecclesia
895 1156 1053 1254 ejusque
1072 1154 1220 1230 visibile
1239 1172 1350 1252 caput
1379 1154 1509 1254 affligi-

245 1290 314 1361 tur,
335 1291 450 1372 atque
470 1273 520 1348 ita
549 1275 699 1349 tandem
719 1275 923 1372 contingat,
946 1292 986 1347 ut
1013 1272 1141 1371 populi
1168 1273 1304 1370 quibus
1332 1290 1508 1372 praesunt,

239 1391 396 1491 justitiae
428 1411 466 1466 et
491 1392 593 1491 pacis
626 1392 784 1491 ingressi
810 1392 919 1478 viam,
941 1391 1037 1466 felici
1068 1417 1151 1466 aevo
1183 1391 1441 1489 prosperitatis
1471 1408 1509 1466 et

246 1509 375 1608 gloriae
395 1510 562 1585 fruantur
581 1508 635 1610 (¹).
657 1511 675 1537 ’¹

299 1628 352 1702 Et
371 1628 523 1726 insuper
540 1629 587 1702 ad
609 1628 831 1725 Episcopus,
847 1627 961 1701 duces
977 1646 1124 1702 nostros
1140 1628 1174 1701 in
1192 1628 1365 1724 praesenti
1382 1653 1508 1728 pugna

244 1763 373 1819 contra
392 1762 598 1842 potestates
618 1745 816 1820 infernales
832 1747 955 1820 :¹‘Vos
975 1747 1095 1845 igitur,
1119 1746 1237 1844 inquit
1259 1748 1369 1844 Papa,
1386 1749 1509 1822 Vene-

244 1861 380 1937 rabiles
401 1863 563 1949 Fratres,
584 1865 647 1962 qui
667 1882 771 1938 tanta
788 1862 873 1948 fide,
894 1864 1104 1938 constantia
1134 1891 1177 1938 ac
1198 1866 1335 1941 virtute
1354 1867 1401 1940 ad
1427 1865 1509 1940 reli·

242 1981 377 2081 gionis,
408 1980 588 2057 Ecclesiae
615 1999 654 2058 et
680 1981 790 2081 hujus
809 1980 1041 2079 Apostolicae
1061 1981 1171 2056 Sedis
1190 2008 1341 2056 causam
1369 2008 1506 2080 propu-

243 2099 434 2198 gnandam
452 2100 805 2198 exarsistis,pergite
821 2100 962 2197 majore
976 2099 1102 2174 animo
1117 2100 1317 2197 studioque
1330 2101 1507 2174 eamdem

243 2242 392 2291 causam
411 2216 623 2305 defendere,
653 2244 695 2293 ac
712 2218 847 2316 fideles
871 2218 1031 2315 quetidie
1061 2219 1181 2315 magis
1212 2218 1441 2317 e'nstammale
1464 2228 1505 2292 ut

242 2360 382 2409 omnem
400 2345 555 2431 operam,
575 2337 709 2423 sladen,
730 2337 883 2410 consilia
901 2336 942 2409 in
964 2336 1136 2410 Ecclese'ee
1152 2347 1186 2410 et
1203 2337 1319 2434 hujus
1337 2337 1376 2411 S.
1398 2337 1505 2411 Sedis

241 2453 456 2551 defensione,
477 2464 585 2551 atque
603 2457 643 2528 in
667 2454 798 2529 tuendo
815 2454 921 2527 civeh'
944 2454 1103 2552 ejusdem
1132 2453 1240 2528 Sedis
1266 2455 1502 2552 Prr'nce'patu,

240 2571 421 2669 Beetr'que
440 2573 553 2646 Petri
567 2573 813 2658 Patre’monz'o,
829 2573 935 2670 eujus
962 2573 1078 2646 tutela
1096 2572 1150 2646 ael
1165 2599 1285 2646 omnes
1313 2572 1505 2648 catholicos

237 2693 408 2787 pertinet,
431 2691 635 2788 impendere
652 2716 853 2788 numquam
870 2689 1039 2763 desinant
1057 2687 1113 2790 (²).
1135 2690 1152 2716 '¹

293 2822 328 2883 8.
349 2807 446 2904 Quae
477 2835 561 2883 cum
597 2809 648 2884 ita
676 2810 759 2895 sint,
792 2819 813 2848 “
843 2806 982 2881 nullum
1019 2807 1187 2905 proiecto
1222 2807 1498 2896 adminiculum,

241 2928 341 3023 quod
362 2928 397 3000 in
419 2945 545 3002 nostra
564 2944 751 3025 potestate
770 2927 827 3013 sit,
850 2926 1042 3025 negligere
1061 2926 1180 3000 decet.

293 3054 315 3085 “
333 3045 447 3120 Hora
464 3046 610 3143 estjam
634 3071 698 3119 nos
724 3045 767 3119 de
784 3069 906 3118 somno
923 3050 1104 3140 surgere!
1135 3044 1274 3119 Omnia
1303 3044 1502 3120 verborum

241 3163 373 3250 officia,
394 3190 525 3240 omnes
553 3164 709 3238 actionis
732 3162 931 3247 industriae,
950 3180 1051 3236 totus
1070 3163 1232 3259 denique
1258 3163 1502 3260 spiritualium

242 3282 492 3356 subsidiorum
522 3283 725 3356 immensus
762 3280 967 3364 thesaurus,
985 3304 1098 3376 quem
1118 3280 1153 3353 in
1175 3280 1346 3355 manibus
1367 3281 1504 3356 nostris

244 3397 414 3473 Ecclesia
450 3400 583 3496 posuit,
616 3399 664 3473 ad
702 3398 840 3473 clerum
887 3397 1004 3494 probe
1036 3398 1305 3474 instituendum
1342 3416 1379 3474 et
1410 3400 1505 3496 Jssu

244 3517 408 3592 Cunrsrr
448 3517 578 3615 spiritu
610 3516 928 3601 conformandum,
960 3515 1007 3588 ad
1029 3516 1270 3614 juventutem
1306 3516 1506 3592 christiane

243 3634 484 3722 edocendam,
504 3635 551 3709 ad
572 3634 740 3733 improba
768 3634 947 3732 dogmata
965 3633 1197 3729 extirpanda,
1226 3635 1273 3708 ad
1303 3633 1505 3709 catholicas

244 3753 421 3828 veritates
441 3752 584 3828 sortiter
603 3753 833 3838 asserendas,
857 3767 1049 3847 postremo
1061 3750 1109 3823 ad
1129 3749 1382 3826 characterem
1400 3751 1505 3851 spiri·

245 3889 399 3968 tumque
438 3871 678 3946 christianum
729 3870 766 3943 in
816 3867 964 3942 familiis
999 3867 1222 3942 incolumem
1267 3870 1503 3956 servandum,

246 3989 392 4063 naviter
409 3989 656 4064 adhibeantur
674 4006 833 4085 oportet.

299 4117 318 4144 “
339 4107 451 4180 Hero
469 4109 616 4205 estsere
634 4133 697 4180 nos
713 4107 757 4180 de
773 4132 896 4181 somne
913 4129 1065 4202 surgere
1077 4109 1095 4178 !
1107 4102 1234 4199 Quum
1250 4103 1287 4177 in
1307 4104 1508 4202 praesentia

243 4242 414 4319 apertum
445 4243 483 4299 et
519 4226 788 4300 internecivum
825 4224 963 4300 bellum
994 4241 1149 4323 geratur
1188 4222 1328 4321 ubique
1379 4241 1509 4298 contra

248 4340 683 4428 Ecclesiam,imbecillis
702 4343 816 4417 animi
836 4343 1013 4417 indicium
1033 4340 1178 4415 loretet
1193 4342 1298 4417 triste
1317 4342 1505 4440 probrum,

251 4503 405 4514 --——-..
575 4510 655 4516 ——.

285 4597 307 4637 1.
329 4585 445 4655 Encycl.
458 4586 651 4655 Inscmrabrlr',
665 4601 696 4641 21
712 4587 819 4658 Aprilis
837 4589 911 4655 1878.

284 4677 308 4718 2.
329 4664 396 4720 Pius
411 4666 463 4736 IX,
477 4666 593 4739 Encycl.
611 4681 643 4740 19
654 4669 717 4740 Jan.
735 4668 811 4724 1860.
