3496 5482
703 531 821 579 INDEX
851 532 1030 581 (taetrum.
1424 530 1496 600 423

328 694 416 751 poterit
427 694 543 738 reassumi
560 693 694 737 Concilium
712 693 855 739 Vaticanum
871 702 944 752 atque
954 694 1060 739 exhiberi
1079 694 1201 751 exemplar
1216 702 1293 739 status
1309 694 1383 740 civilis

327 784 381 816 vere
392 770 520 816 christiani.
534 796 562 803 -
575 784 609 827 13.
624 771 689 827 Papa
699 772 730 815 sit
743 772 793 815 Rex
806 771 892 817 Romae
902 782 925 817 et
936 772 1040 829 practice
1050 772 1178 817 ostendere
1188 772 1275 829 poterit
1282 784 1382 829 quomo·

326 850 360 894 do
369 861 427 894 cura
444 849 550 906 gerenda
565 850 596 893 sit
606 849 637 893 de
647 849 786 894 conditione
803 849 923 907 opificum.
943 864 1018 905 --14¹
1043 849 1109 907 Papa
1122 856 1146 894 et
1161 849 1291 894 hodiedum
1306 856 1383 895 exstat

326 926 462 971 necessario
472 934 581 970 centrum
589 924 663 969 totius
673 925 794 970 societatis
804 926 842 970 cui
853 934 895 971 aut
906 925 1069 971 adhaembitur
1078 932 1120 970 aut
1129 925 1313 971 contradicetur.

241 1054 382 1107 CAPUT
396 1055 485 1103 XIV.
510 1080 545 1089 -
560 1051 690 1104 Studium
704 1050 846 1105 sincerum
870 1050 998 1105 historiae
1010 1061 1038 1105 et
1052 1050 1201 1119 singularis
1225 1050 1413 1106 Providentia

313 1137 414 1192 exinde
428 1138 456 1192 in
471 1138 666 1208 Principatum
681 1140 709 1192 S.
722 1139 805 1194 Sedis
819 1150 988 1209 nostrasque
1002 1139 1153 1193 societates
1167 1138 1343 1204 illucescens,
1356 1138 1412 1193 cla·

312 1236 371 1282 mat
383 1226 421 1281 ad
431 1229 665 1282 restaurationem
675 1227 909 1297 promovendam,
919 1244 954 1281 ne
966 1228 1089 1281 societas
1097 1227 1150 1281 snb
1163 1227 1271 1295 impetu
1284 1244 1411 1281 errorum

312 1313 853 1385 socialiumpenitusabeatinruinam
1449 1330 1500 1385 315

361 1434 380 1463 1.
396 1420 456 1464 Palsi
469 1420 594 1478 prophetae
608 1420 687 1465 Belial.
698 1446 727 1453 -
738 1435 758 1465 a.
775 1420 930 1477 Philosophia
948 1420 1064 1470 historiae,
1076 1428 1139 1463 -et
1157 1427 1204 1463 tres
1215 1419 1307 1465 scholae
1317 1421 1382 1477 eJ'us:

330 1496 495 1553 pantheistica‚
508 1496 614 1547 deistica,
627 1496 763 1547 christiana.
777 1521 806 1527 —
815 1509 873 1553 quae
884 1495 987 1553 singulae
1003 1494 1186 1552 explicationem
1198 1495 1315 1540 civilitatis
1330 1508 1384 1540 nos·

329 1581 373 1617 trae
385 1582 505 1629 promunt.
518 1596 548 1604 -
564 1586 585 1629 3.
599 1572 704 1617 Scientia
716 1572 829 1617 historica
846 1584 901 1615 vera
916 1572 975 1628 quid
986 1570 1090 1616 doceat?
1101 1595 1130 1603 -
1140 1585 1162 1625 4.
1176 1570 1339 1615 Coniirmatur
1355 1584 1384 1616 ex

329 1647 399 1692 dictis
409 1646 497 1693 Leonis
510 1647 579 1691 Xlll.
593 1672 622 1680 -
634 1660 653 1705 5.
668 1646 729 1705 Spes
740 1647 920 1691 restaurationis
930 1654 1038 1703 superest
1048 1659 1107 1703 ergo
1118 1646 1195 1703 primo
1206 1655 1295 1703 aparte
1307 1646 1385 1704 lpsius

332 1722 478 1767 Providentis
491 1722 542 1773 Dei,
556 1736 604 1767 non
623 1723 775 1767 obstantibus
793 1722 958 1767 invasionibus
968 1722 1068 1766 iteratis.
1082 1746 1111 1753 —
1121 1723 1142 1766 6.
1158 1722 1185 1765 ln
1199 1721 1290 1778 justitia
1304 1734 1386 1767 ctusae

330 1811 387 1857 quae
398 1807 434 1843 est
444 1799 507 1856 Juris
517 1800 598 1856 ipsius.
617 1823 642 1831 —
651 1814 672 1855 7.
693 1800 720 1842 ln
737 1799 886 1857 permanenti
898 1806 1017 1843 caractere
1028 1797 1202 1842 internatiomti
1214 1797 1284 1853 buius
1295 1811 1382 1843 causta.

332 1900 361 1909 -
371 1878 391 1919 8.
408 1875 438 1920 lit
449 1875 611 1933 resipiscentia
623 1876 759 1931 Principum
768 1875 838 1919 toties
849 1874 994 1925 delusorum,
1004 1874 1098 1931 quoties
1108 1874 1182 1917 alium
1191 1873 1299 1917 ordinem
1311 1874 1386 1919 socia·

333 1951 379 1995 lent
394 1964 423 1995 ac
440 1951 636 2008 providentialem
655 1952 777 1996 instituere
796 1958 951 1995 tentaverunt.
965 1974 995 1981 —
1005 1964 1026 2005 9.
1043 1950 1094 1993 lmo
1105 1950 1128 1992 in
1148 1950 1255 1993 unanimi
1267 1963 1385 1995 consensu

333 2027 440 2072 omnium
451 2028 605 2072 cordatorum
616 2028 708 2071 civium.
727 2052 754 2059 -
768 2041 800 2071 ro.
822 2027 912 2071 Crescit
924 2040 979 2083 spes
994 2026 1119 2070 incertam
1131 2024 1251 2075 fiduciam.
1266 2026 1306 2070 ubi
1318 2025 1384 2070 addi·

332 2116 386 2147 mus
396 2104 466 2159 signa
475 2111 618 2161 temporum,
628 2111 653 2147 ut
662 2111 717 2147 sunt
726 2104 793 2147 ruina
804 2102 880 2147 italice
891 2102 1066 2146 ¹llassonicaeet
1073 2110 1140 2145 ortus
1148 2101 1383 2147 ttatiaetfhnstianae.

332 2193 405 2224 -ιι,
421 2179 534 2223 Amicitia
541 2188 565 2223 et
576 2179 742 2223 benevolentia
755 2179 877 2234 Principes
888 2179 950 2223 inter
960 2186 983 2222 et
997 2178 1133 2222 Romanum
1148 2176 1293 2222 Pontificem.
1307 2202 1335 2209 —
1348 2192 1384 2223 12.

333 2255 498 2313 Aspimtiones
509 2268 612 2299 summae
622 2256 734 2312 equidem
746 2255 887 2312 periculosa:
906 2253 946 2298 ubi
958 2254 1055 2298 deviant
1067 2254 1089 2297 in
1099 2253 1138 2310 jus
1154 2252 1322 2298 vindicandum
1335 2254 1385 2298 uhi-

333 2345 387 2389 que.
401 2356 430 2363 -
444 2344 476 2386 13-
487 2331 613 2387 Quidquid
623 2344 747 2375 occurrere
759 2330 842 2387 pressit.
855 2329 1006 2374 Providentia
1017 2330 1101 2373 sternit
1112 2329 1174 2374 viam
1192 2329 1223 2373 ad
1235 2330 1385 2374 restauratio·

333 2421 387 2452 rtem
399 2408 529 2464 plenariam
541 2407 656 2452 libertatis
667 2407 736 2451 sedis
749 2407 874 2459 Rornnnae,
887 2414 913 2450 ut
924 2413 1001 2451 cesset
1012 2406 1117 2450 turbatio
1128 2405 1228 2451 socialis.

163 2590 166 2595 ,
247 2538 387 2591 CAPUT
402 2540 471 2587 xv.
488 2564 521 2571 -
537 2534 718 2603 Quamquam
732 2532 833 2587 modus
855 2532 954 2587 efficax
967 2532 1120 2587 reducendi
1136 2532 1204 2587 illud
1227 2543 1355 2587 centrum
1370 2531 1414 2586 fir·

317 2640 394 2676 mutn
417 2621 525 2677 ordinis
547 2621 661 2675 socialis
683 2622 711 2674 in
725 2621 852 2676 consiliis
879 2622 933 2676 Dei
957 2622 1034 2688 latet,
1049 2621 1162 2692 expedit
1184 2632 1222 2689 ut,
1237 2634 1371 2676 monente
1385 2632 1412 2676 et
1471 2648 1474 2653 ·

316 2708 465 2764 minitante
476 2708 666 2776 Providentia,
677 2708 762 2761 homo
773 2708 889 2778 arripiat
900 2709 1025 2762 medium
1039 2709 1093 2764 hoc
1103 2709 1233 2763 salvandi
1247 2710 1414 2763 societatem

315 2796 986 2852 etconsiliaineatdeexecutionenecessaria..
1451 2811 1500 2866 35¹

365 2914 383 2945 1.
399 2900 520 2946 lnnumeri
529 2908 624 2945 exstant
635 2901 700 2945 modi
717 2901 804 2957 quibus
817 2901 968 2946 Providentia
977 2901 1105 2947 efficaciter
1117 2901 1278 2960 Principatum
1295 2902 1387 2947 civilem

333 2976 359 3022 S.
373 2976 442 3021 Sedis
453 2984 585 3021 restaurare
604 2976 675 3020 valet.
695 3001 723 3008 -
741 2990 762 3020 2.
778 2976 822 3021 Per
836 2986 939 3022 conatus
956 2988 1051 3023 nostros
1062 2977 1117 3022 huic
1134 2978 1200 3036 operi
1219 2978 1388 3023 adlaboremus

334 3055 425 3100 utendo
436 3054 524 3104 medio,
537 3054 603 3111 quod
615 3054 695 3110 potins
706 3055 758 3110 parci
771 3064 795 3098 et
806 3055 883 3099 ordini
894 3054 967 3108 iavet,
979 3069 1023 3100 nec
1034 3056 1139 3100 nitamur
1155 3057 1176 3100 vi
1187 3064 1287 3107 arntata,
1300 3063 1326 3100 ut
1338 3056 1388 3113 ipse

334 3140 415 3178 censet
428 3133 542 3178 Pontifex.
557 3157 586 3164 -
596 3146 616 3190 3.
631 3132 728 3189 'l'riplex
738 3133 824 3177 exinde
835 3134 971 3190 assignatur
982 3135 1076 3187 modus,
1089 3135 1164 3180 sedin
1176 3144 1325 3179 antecessum
1335 3136 1388 3191 jura

334 3218 398 3253 sarta
409 3217 520 3266 tectaque
538 3216 667 3252 inarreant:
687 3208 821 3257 ioederatio.
843 3222 908 3254 mern
918 3211 1003 3263 cessio,
1022 3211 1193 3256 neutralizatio.
1205 3236 1234 3242 -
1244 3225 1265 3266 4.
1280 3210 1389 3255 Conatus

335 3284 408 3329 nostri
420 3284 525 3329 terantur
538 3284 561 3328 in
572 3285 764 3341 oppugnandum
775 3293 866 3329 sectam
885 3286 1048 3330 hlassonicarn
1059 3294 1083 3331 et
1100 3287 1269 3331 socialismum.
1283 3310 1312 3318 —
1323 3300 1343 3343 5.
1359 3286 1389 3330 Et

335 3360 412 3418 primo
422 3361 546 3417 quomodo
557 3374 572 3405 a
590 3359 725 3405 socialismo
744 3362 881 3405 removendi
900 3363 988 3407 sint-
1005 3362 1082 3408 adulti
1094 3388 1121 3395 —
1137 3364 1249 3419 iuventus
1260 3387 1289 3397 ·-
1307 3362 1390 3407 fideles

335 3449 425 3480 onmes.
438 3461 465 3468 -
476 3437 497 3481 6.
509 3436 539 3479 lit
551 3443 667 3492 praeterea
676 3437 801 3493 quomodo
810 3446 921 3493 oporteat
929 3439 1028 3495 aggredi
1039 3439 1136 3495 impiam
1146 3448 1237 3483 sectam
1247 3438 1389 3483 hlassonum

333 3511 358 3555 in
368 3511 481 3556 omnibus
500 3512 637 3567 regionibus
653 3512 785 3562 catholicis,
805 3525 847 3568 per
864 3525 1015 3569 congressus.
1029 3527 1131 3571 quorum
1148 3514 1269 3571 specimen
1287 3523 1323 3559 est
1334 3527 1390 3559 con·

334 3600 431 3644 gressus
448 3588 649 3632 antitnassonicus
666 3588 821 3633 'l'ridentinus
841 3590 903 3645 1896.
931 3613 958 3620 -
987 3603 1007 3645 7.
1030 3590 1164 3635 t.'0ntinuas
1181 3604 1278 3648 quoquc
1295 3590 1391 3647 expedit

335 3663 518 3709 reclamationes
528 3662 610 3707 efferre
621 3664 645 3706 in
656 3664 760 3708 coetibus
770 3671 793 3707 et
804 3664 1005 3709 associationihus
1022 3666 1151 3710 catholicis.
1166 3690 1193 3697 -
1208 3668 1229 3710 8,
1246 3665 1272 3709 ln
1285 3665 1391 3722 speciali·

335 3741 381 3785 bus
392 3741 561 3799 congressibus
572 3740 795 3785 internationalibus
812 3742 857 3785 hac
868 3743 899 3785 de
910 3756 935 3786 re
951 3744 1096 3787 convocatis.
1111 3768 1138 3775 -
1150 3757 1172 3799 9.
1186 3743 1317 3789 'l'estantnr
1328 3743 1392 3787 lmnc

336 3816 469 3861 insensum
480 3817 522 3860 viri
535 3817 677 3874 peritissimi.
691 3841 720 3848 -
734 3830 766 3860 to.
783 3817 813 3861 Et
828 3818 921 3861 utinam
935 3818 1013 3862 Patria
1025 3828 1107 3863 nostra
1119 3819 1213 3876 Belgica
1229 3820 1263 3863 ita
1278 3820 1392 3876 qua-stio-

337 3905 391 3937 nem
403 3893 538 3937 Rontanam
548 3905 688 3949 promovere
700 3893 782 3949 possit,
790 3902 816 3937 ut
827 3893 911 3937 iterum
921 3894 945 3937 in
951 3894 1055 3938 activam
1066 3894 1232 3951 diplomatiam
1246 3895 1390 3951 liuropaeam

337 3967 407 4012 intret
418 3978 442 4012 et
452 3968 541 4013 solutio
552 3969 628 4013 detur.
643 3992 672 3999 -
685 3982 718 4013 tr.
733 3967 901 4013 Adhibeantur
912 3969 1009 4025 insuper
1019 3970 1126 4013 studium
1135 3979 1159 4014 et
1170 3970 1246 4014 oratio
1257 3969 1289 4013 ad
1302 3970 1390 4020 Deum,

335 4052 359 4087 et
371 4044 436 4100 prius
446 4044 553 4088 studium
568 4044 693 4088 assiduum
711 4044 854 4100 quaestionis
869 4045 963 4089 socialis
981 4046 1113 4102 praesentis.
1132 4070 1162 4078 -
1182 4059 1217 4090 12.
1229 4044 1314 4090 Oratio
1325 4044 1392 4090 iervi·

337 4120 442 4164 dissima.
457 4144 486 4152 -
499 4133 532 4176 13.
545 4119 596 4164 Sub
606 4121 672 4165 omni
689 4120 773 4172 forma,
786 4127 812 4165 ut
822 4130 895 4165 antea
912 4121 1040 4166 inchoante
1054 4122 1192 4179 captivitate
1204 4121 1239 4165 Pii
1255 4120 1298 4166 lx.
1313 4144 1343 4154 -
1356 4135 1389 4177 14·

341 4196 468 4253 Exemplar
479 4196 663 4253 deprecationis.

249 4328 485 4381 CONCLUSIO
506 4330 731 4380 Pnacrtcn.
747 4355 781 4363 -
804 4326 997 4395 Coeperemur
1016 4328 1080 4381 Deo
1095 4344 1102 4381 ι
1124 4327 1140 4354 “
1150 4331 1205 4396 pro
1218 4329 1278 4379 nris
1290 4328 1397 4397 etsecr's
1409 4330 1422 4353 '¹

320 4423 348 4467 et
363 4429 416 4481 ope
429 4429 546 4479 precum
559 4424 720 4465 nostrarum
733 4422 819 4483 atque
839 4413 968 4467 laborum
985 4414 1086 4468 iterum
1100 4413 1136 4469 sit
1151 4415 1229 4485 Papa
1242 4431 1290 4469 rex
1301 4416 1420 4470 Romae!
1460 4430 1512 4485 379

370 4531 387 4562 t.
404 4516 505 4561 intimus
517 4517 571 4561 sons
581 4523 605 4560 et
617 4525 702 4561 matura
716 4517 858 4575 quaestionis
877 4517 971 4562 socialis
988 4520 1114 4575 praesentis
1125 4519 1149 4563 in
1167 4532 1217 4577 quo
1228 4518 1320 4564 lateat?
1330 4543 1359 4551 -
1370 4532 1391 4564 2.

337 4592 505 4649 Spectaculum
522 4590 687 4635 dissolutionis
706 4601 730 4636 ct
741 4592 818 4635 ruine
834 4604 849 4635 a
860 4602 926 4637 secta
938 4593 1082 4639 ‚llassonnm
1096 4595 1147 4651 Jam
1165 4602 1311 4653 provocatae.
1330 4617 1359 4625 -
1370 4606 1390 4651 3.

337 4671 386 4715 Cur
399 4670 463 4715 Deus
475 4669 607 4727 permiserit
624 4677 718 4715 tantam
737 4670 927 4717 dominationem
945 4672 1026 4729 impiae
1042 4674 1136 4719 sectae?
1149 4699 1177 4706 -
1188 4687 1210 4730 4.
1231 4672 1392 4725 Potissimum,
