3496 5482
1114 477 1418 494 ...ω-,Ἥ

616 540 738 589 creor
764 538 956 589 ocrxvuu.
1350 537 1417 610 177

151 706 273 781 omnis
286 705 442 803 justitiae
459 704 554 778 ratio
572 704 813 786 subvertitur,
831 719 869 777 et
888 702 1071 800 cujusque
1090 701 1210 776 civilis
1232 699 1418 799 Principa·
1482 721 1483 724 ’

153 841 211 899 tus
239 849 281 897 ac
313 823 427 898 totius
458 822 631 897 humanae
649 820 840 896 societatis
860 819 1106 894 fundamenta
1136 814 1285 916 penitu's
1314 842 1420 893 ever·

153 959 282 1017 tuntur
301 940 359 1041 (¹)
376 941 395 969 ”

204 1070 224 1100 “
246 1060 298 1133 Et
316 1085 356 1133 re
374 1059 527 1156 quidem
550 1083 650 1133 vera.
671 1101 722 1114 —
737 1055 846 1156 Jura
876 1056 1000 1130 aliena
1031 1065 1267 1153 usurpantur
1291 1063 1420 1130 contra

151 1181 263 1278 legem
286 1179 506 1266 naturalem,
522 1203 607 1276 quae
627 1193 729 1254 vetat
744 1174 1028 1274 possessionem
1050 1174 1230 1249 invadere
1244 1173 1420 1263 alterius3

153 1324 304 1396 -quae
322 1299 435 1374 etiarn
454 1313 558 1370 vetat
577 1294 715 1370 bellum
733 1293 898 1368 indicere
924 1292 1005 1367 sine
1018 1294 1123 1392 justa
1141 1318 1253 1368 causa
1280 1311 1318 1368 et
1336 1293 1420 1367 abs·
1536 1347 1539 1353 -

152 1442 226 1514 que
245 1416 319 1491 ullo
345 1415 487 1514 praevio
508 1413 663 1488 monit0.

205 1547 225 1577 ‘⁴
250 1535 359 1636 Jura
384 1536 558 1610 Ecclesia
575 1541 819 1632 usurpantur,
846 1540 973 1607 contra
998 1533 1109 1629 legem
1135 1532 1312 1607 cltiu'uauu
1336 1533 1422 1606 Per·

154 1652 251 1730 belle
270 1655 354 1729 ideo
372 1637 459 1728 Pius
482 1653 563 1727 IX:

208 1772 313 1847 “Uti
333 1772 433 1847 enim
465 1771 722 1868 praedecessor
743 1769 887 1843 Noster
908 1768 995 1842 Pius
1018 1767 1097 1842 VII
1128 1767 1274 1843 aiebat:
1296 1769 1422 1844 “Vim

150 1891 240 1965 *huic
259 1915 405 1964 summo
425 1889 536 1963 Sedis
559 1887 791 1986 Apostolicae
825 1886 982 1983 imperio
1005 1886 1148 1972 afferre,
1180 1886 1422 1985 temporalem

156 2009 272 2107 ipsius
291 2025 517 2105 potestatem
538 2003 759 2104 aspirituali
789 2004 1012 2102 discerpere,
1038 2005 1204 2079 Pastoris
1227 2023 1265 2079 et
1285 2006 1423 2080 Princi·
1529 2040 1532 2051 ·

157 2131 215 2228 pis
246 2129 373 2203 munia
403 2127 616 2214 dissociare,
649 2125 838 2212 divellere,
869 2126 1078 2212 excindere,
1112 2122 1201 2200 nihii
1233 2126 1332 2201 aliud
1357 2145 1424 2203 est

158 2248 227 2322 nisi
246 2273 341 2346 opus
364 2247 435 2320 Dei
468 2246 712 2343 pessumdare
730 2270 773 2318 ac
803 2244 960 2340 perdere
980 2242 1077 2319 velle
1094 2272 1102 2330 ;
1122 2243 1211 2318 nihil
1245 2245 1313 2319 nisi
1333 2242 1423 2321 dare

157 2374 310 2463 operam
330 2381 370 2438 ut
392 2363 540 2462 Religio
561 2362 764 2436 maximum
798 2361 1065 2435 detrimentum
1085 2362 1217 2458 capiat,
1241 2361 1329 2437 nihil
1352 2363 1421 2438 nisi

159 2509 242 2557 eam
255 2481 512 2557 efficacissimo
525 2480 686 2577 spoliare
699 2479 884 2576 praesidio,
894 2504 940 2565 ne
953 2504 1120 2553 summus
1138 2479 1252 2576 ipsius
1268 2481 1416 2565 Rector,

163 2602 294 2675 Pastor
312 2600 460 2697 Deique
475 2597 646 2684 Vicarius
665 2597 700 2670 in
717 2595 929 2683 catholicos,
946 2622 1098 2695 quoquo
1113 2616 1294 2673 terrarum
1317 2625 1419 2697 spar-

158 2748 222 2797 sos
233 2738 352 2819 'atque
372 2721 459 2794 inde
478 2717 655 2792 auxilium
676 2735 713 2792 et
731 2743 843 2813 opem
869 2717 1091 2816 flagitantes,
1112 2718 1282 2794 conferre
1301 2719 1419 2794 subsi-
1501 2755 1505 2762 ·

159 2840 221 2912 dia
239 2839 367 2937 possit,
387 2862 507 2935 quaea
526 2835 706 2934 spirituali
725 2834 858 2932 Ipsius,
875 2860 941 2931 per
967 2835 1154 2911 neminem
1170 2837 1417 2935 impedienda,

160 2978 336 3058 petuntur
354 2975 541 3056 potestate
561 2955 617 3056 (²).
640 2957 657 2983 ”
1323 2962 1330 2977 ’

212 3079 344 3153 Omnis
349 3077 514 3175 justitt'u
541 3083 639 3151 rutro
655 3076 887 3150 subvertitur
903 3078 965 3151 ubi
986 3079 1049 3177 jus
1069 3076 1245 3178 legitimae
1263 3079 1420 3176 acquisi-

160 3197 281 3284 tionis,
303 3195 601 3294 praescriptionis,
633 3194 796 3293 pacificae
825 3196 1084 3292 possessionis,
1112 3215 1312 3294 ceteraque
1334 3198 1421 3295 jura

160 3315 451 3391 fundamentalia
470 3314 707 3412 proprietatis
735 3331 773 3388 et
794 3313 924 3389 salutis
943 3314 1100 3412 publicae
1131 3317 1238 3414 quasi
1262 3316 1420 3414 pedibus
1495 3299 1500 3310 ’

160 3432 359 3508 calcantur.

211 3551 497 3648 Consequenter
514 3578 521 3625 :
540 3552 653 3625 totius
670 3551 842 3624 lzuruauu
854 3550 1035 3624 societutrs
1042 3551 1296 3647 fundamento
1313 3552 1420 3649 peru‘⁴

159 3677 459 3756 immoriantur,
480 3687 517 3742 et
537 3669 723 3765 praecipue
743 3669 778 3741 in
813 3667 1054 3742 relationibus
1074 3669 1421 3744 internationalibus

160 3814 226 3884 per
244 3787 383 3884 duplex
396 3787 527 3861 salsum
544 3787 766 3884 principium
782 3788 1026 3885 :principium
1042 3788 1289 3886 legitimitatis
1304 3788 1421 3863 rebel-

160 3907 268 3981 lionis
287 3927 325 3982 et
343 3908 563 4005 principium
584 3908 954 3981 nou-interventionis
971 3908 1126 3981 aliorum
1147 3926 1320 3982 statuum.

211 4040 243 4099 5.
276 4026 414 4098 Merito
434 4050 524 4123 ergo
543 4025 880 4100 excommunicatio
912 4025 986 4099 lata
1005 4044 1064 4100 est
1083 4026 1118 4098 in
1140 4026 1232 4099 tanti
1252 4024 1421 4124 sacrilegi

162 4144 332 4217 facinoris
368 4168 461 4218 reos,
504 4189 549 4200 -
583 4143 643 4216 En
680 4144 856 4218 terribilia
890 4145 1025 4219 Vicarii
1062 4145 1206 4218 Summi
1236 4146 1422 4218 Tonantis

161 4264 298 4339 verba:
330 4264 433 4337 “Eo
465 4265 626 4338 adducta
655 4290 714 4338 res
733 4285 800 4352 est,
835 4285 875 4338 ut
903 4291 1078 4362 suprema
1112 4267 1171 4339 illa
1204 4267 1422 4340 auctoritate

162 4401 317 4470 utamur,
339 4408 412 4480 qua
430 4408 513 4455 cunt
546 4382 702 4469 solvere,
724 4401 801 4457 turn
822 4384 934 4456 etiam
954 4385 1070 4484 ligare
1091 4385 1214 4458 Nobis
1245 4385 1424 4459 divinitus

201 4619 222 4658 1.
238 4604 305 4658 Litt.
320 4606 419 4674 Apost.
430 4606 501 4659 Cum
511 4605 648 4660 catholica
659 4607 743 4676 Eccl,
757 4607 791 4661 26
806 4609 889 4662 Mart.
905 4609 978 4663 1860.

200 4699 223 4738 2.
245 4685 311 4738 Pius
322 4686 391 4753 Vll,
405 4687 494 4740 Alloc.
513 4687 542 4740 16
555 4688 638 4740 Mart.
657 4687 736 4743 1808.
750 4717 784 4726 —
799 4687 865 4741 Pius
881 4689 932 4758 1x,
948 4690 1064 4759 Encycl.
1082 4703 1091 4743 ι
1110 4690 1183 4747 Not.
1202 4689 1277 4756 1870.

215 4803 274 4856 Papa
283 4804 309 4847 sit
320 4819 356 4847 rex
367 4805 450 4848 Roma.
1340 4821 1363 4856 ¹2
