3496 5482
186 478 267 486 ...ψη
275 479 611 490 --αῂ-.-υ--ἡ-

732 484 1438 496 .—.——..-——-—---—-—————-.—--—.—-—-.

532 542 654 595 canus
681 544 860 597 namuunr
887 546 1085 610 Qurnruu.
1368 548 1438 623 345

186 701 399 799 quindecim
419 703 563 781 circiter
587 707 798 782 nationibus
817 733 985 782 summus
1006 709 1181 784 Pontifex
1200 709 1331 786 iisdem
1351 707 1440 784 rela-

187 821 351 898 tionibus
377 825 517 924 gaudet
546 825 794 924 diplomaticis
824 826 960 924 quibus
977 844 1097 913 antea,
1111 844 1281 926 tempore
1303 826 1442 903 scilicet

186 965 262 1038 quo
275 942 339 1040 jus
357 969 465 1018 suum
486 945 629 1044 regium
649 944 685 1018 in
705 945 848 1020 actuale
867 944 1115 1021 reducebatur
1132 946 1348 1022 exercitium
1377 971 1444 1043 per

189 1061 467 1157 possessionem
490 1063 657 1138 Dominii
688 1063 917 1139 territorialis
950 1064 1141 1153 Ecclesiae,
1161 1066 1251 1164 quid
1282 1083 1340 1141 est
1367 1089 1442 1150 cur,

190 1196 301 1255 nacta
315 1200 525 1280 opportuna
536 1183 800 1270 occasione,uti
815 1183 1002 1258 innuimus
1015 1210 1136 1282 supra,
1140 1185 1203 1284 jus
1218 1183 1305 1259 illud
1315 1208 1443 1259 verum

188 1315 304 1395 atque
323 1300 371 1375 ab
389 1302 563 1377 omnibus
582 1302 698 1378 ferme
716 1303 885 1402 agnitum
907 1328 980 1377 non
1000 1302 1104 1378 brevi
1130 1303 1165 1377 in
1186 1300 1322 1378 realem
1337 1325 1445 1375 usum

190 1417 419 1512 prodiret‚ad
436 1420 575 1496 bonum
591 1447 777 1497 summum
792 1422 828 1496 in
844 1422 997 1519 Europa
1010 1421 1306 1520 promovendum
1319 1444 1446 1517 supre-

192 1556 366 1636 mamque
395 1542 596 1637 perniciem
625 1559 738 1639 atque
767 1540 1004 1639 irreparabile
1031 1539 1295 1639 catastrophen
1327 1542 1445 1614 vitan·

197 1646 316 1732 dum?
338 1660 531 1759 Exoptant
557 1661 747 1759 Principes
774 1680 815 1736 ut
844 1660 1018 1736 Pontifex
1037 1658 1237 1735 efficaciter
1255 1657 1449 1733 medeatur

196 1776 302 1852 malis
328 1781 534 1867 societatis;
553 1798 610 1856 ast
640 1781 798 1879 primum
831 1779 967 1854 malum
999 1800 1057 1856 est
1079 1781 1159 1878 ipsa
1178 1777 1323 1854 socialis
1342 1776 1447 1851 deor·

194 1896 380 1992 ganisatio
397 1927 444 1974 ex
464 1900 700 1998 separatione
718 1926 740 1973 a
759 1899 797 1974 S.
821 1898 922 1975 Sede
940 1899 1083 1985 oborta,
1104 1916 1142 1975 et
1160 1925 1208 1974 ex
1226 1894 1448 1996 spoliatione

196 2015 403 2094 obfirmata.
435 2020 588 2094 Etenim
619 2019 721 2116 Papa
747 2019 876 2094 testari
904 2044 977 2093 non
1005 2017 1163 2094 desinit:
1190 2017 1290 2115 quod
1310 2025 1331 2056 ‘⁸
1353 2014 1448 2088 Pon·

193 2133 285 2210 tilex
314 2126 438 2237 neque
463 2158 520 2214 est
550 2164 672 2236 neque
701 2164 877 2237 umquam
906 2139 977 2214 erit
995 2137 1088 2214 liber
1114 2154 1152 2213 et
1180 2131 1446 2233 independens,

192 2279 393 2354 quousque
411 2284 586 2356 suprema
604 2259 686 2358 ejus
712 2275 880 2354 potestas
909 2257 1080 2333 adversae
1110 2252 1340 2331 auctoritatis
1358 2276 1449 2350 prae·

192 2374 384 2470 potentiae
401 2403 443 2451 ac
462 2375 604 2452 libidini
623 2375 857 2477 subjiciatur;
875 2421 925 2433 -
942 2401 1139 2475 quousque
1156 2372 1315 2449 sublime
1334 2369 1450 2468 ipsius

193 2491 437 2570 ministerium
457 2513 625 2570 motuum
645 2494 877 2593 politicorum
894 2493 1048 2569 influxui
1062 2520 1105 2568 ac
1121 2491 1307 2592 tyrannidi
1322 2485 1449 2586 objici·

191 2629 275 2685 atur
285 2640 293 2700 ;
305 2658 356 2670 -
369 2640 564 2714 quousque
579 2613 674 2690 illius
692 2615 796 2715 leges
815 2640 857 2689 ac
871 2615 1023 2689 decreta
1037 2613 1196 2712 partium
1211 2609 1324 2686 studii
1339 2634 1382 2682 ac
1395 2605 1449 2681 ol·

193 2722 1449 2832 lensionisprosingulisnationibusasuspicioneimmuniasint(¹).'’

195 2848 1449 2950 ErgoPrincipibusadrestaurationemperveniendumerit.ltaque

193 2986 327 3066 praeter
344 2997 494 3045 causam
513 2972 742 3071 assignatam
757 2990 870 3047 sectae
891 2971 1076 3056 maleficae,
1098 2970 1203 3068 cujus
1222 2966 1371 3042 satelles
1390 2979 1449 3038 est

193 3113 357 3183 praesens
376 3089 494 3165 ltaliae
508 3090 742 3190 gubernium,
757 3091 934 3188 quidnam
951 3090 1150 3187 prohibere
1163 3103 1291 3185 posset
1303 3081 1447 3183 quomi-

194 3232 262 3281 nus
284 3207 474 3306 Principes
489 3209 640 3284 tandem
660 3235 726 3306 per
745 3228 989 3284 restauratum
1019 3209 1271 3306 Principatum
1287 3199 1448 3279 §.sedis

193 3324 385 3421 pristinam
400 3327 495 3427 juris
510 3345 548 3402 et
565 3328 752 3420 aequitatis
769 3327 991 3426 dignitatem
1006 3326 1196 3401 vindicent
1209 3341 1248 3400 et
1262 3323 1313 3398 ita
1327 3316 1448 3397 ordini

192 3443 318 3517 sociali
333 3471 375 3519 ac
395 3445 554 3543 propriae
573 3445 760 3522 securitati
780 3445 1003 3543 provideant
1024 3446 1097 3544 (²)?

244 3577 300 3637 12.
319 3563 433 3660 Quod
451 3582 599 3662 tempus
613 3563 832 3641 restituendi
840 3563 936 3662 juris
949 3580 988 3638 et
999 3562 1187 3661 aequitatis
1201 3584 1357 3660 regnum
1367 3559 1447 3657 jam

193 3681 436 3780 propinquius
472 3682 570 3758 adsit
604 3700 643 3777 et
678 3683 797 3782 magis
833 3701 965 3782 urgeat
1001 3699 1105 3780 patet
1140 3707 1187 3755 ex
1223 3676 1449 3777 aspiratione

541 3847 784 3856 ---...-.-
792 3848 838 3854 ...-

231 3930 252 3971 1.
268 3916 358 3988 Epist.
381 3918 422 3973 Pii
446 3920 487 3973 lX
500 3920 537 3975 ad
547 3919 631 3976 Card.
646 3919 800 3989 Antonelli‚
817 3920 849 3974 16
861 3920 924 3989 Jun.
942 3918 1017 3985 1872.

228 4012 251 4050 2.
264 4027 299 4036 —
314 3996 387 4052 “En
403 3999 504 4067 regard
524 3999 575 4053 des
598 4000 724 4055 reserves
738 4016 793 4070 que
815 4000 841 4053 la
861 3997 1027 4068 diplomatie
1039 4013 1148 4067 oppose
1161 3995 1178 4050 a
1190 3995 1377 4063 l’oceupation
1397 3992 1448 4048 des

194 4059 277 4131 Ptats
290 4077 424 4147 romains,
438 4088 562 4133 mettons
576 4079 603 4134 la
616 4079 696 4149 place
707 4080 743 4133 de
753 4078 816 4148 plus
829 4095 864 4133 en
878 4079 941 4146 plus
955 4076 1064 4146 grande
1074 4076 1174 4147 qu'elle
1186 4075 1236 4129 ran
1249 4075 1303 4128 ala
1322 4072 1448 4144 Papaute

191 4156 264 4210 dans
281 4157 323 4212 les
335 4157 449 4212 affaires
462 4158 498 4213 de
511 4152 661 4229 l'Europe:
676 4159 711 4213 de
726 4159 751 4211 Ιὲι
764 4175 868 4213 encore
878 4157 897 4211 il
911 4174 982 4212 nous
995 4167 1039 4212 est
1056 4156 1115 4211 aise
1127 4156 1164 4210 de
1176 4154 1294 4209 deduire
1307 4155 1334 4208 la
1347 4152 1448 4222 proba·

192 4235 270 4290 bittte
289 4237 353 4291 d’un
367 4237 556 4306 changement
569 4238 642 4293 dans
655 4238 683 4292 la
696 4237 829 4293 situation
851 4237 1017 4307 temporelle
1036 4237 1073 4291 du
1088 4234 1301 4303 Satur-siege...
1317 4234 1357 4288 Le
1370 4231 1448 4286 Vati·

192 4332 245 4369 can
262 4325 306 4370 est
319 4317 460 4371 redevenu
473 4317 499 4372 le
512 4317 591 4385 foyer
603 4317 639 4372 de
652 4317 769 4372 lumiere
780 4317 883 4388 auquel
897 4316 1054 4371 s’eclairent
1068 4315 1160 4370 meme
1173 4314 1215 4369 les
1228 4313 1341 4368 affaires
1359 4313 1395 4366 de
1415 4328 1448 4366 ce

193 4395 305 4450 monde.
320 4397 366 4450 On
378 4406 444 4465 peut
458 4397 484 4451 le
497 4396 557 4452 dire
572 4414 639 4452 sans
652 4396 761 4451 erainte
770 4397 939 4465 d’exagerer,
952 4396 970 4450 il
981 4397 1026 4465 n'y
1039 4411 1056 4449 a
1070 4412 1121 4464 pas
1130 4393 1165 4449 de
1178 4392 1364 4448 chancellerie
1378 4390 1447 4460 poli-

191 4476 269 4545 tique
281 4476 357 4530 aussi
371 4475 503 4545 occupee
512 4477 581 4531 dont
595 4477 622 4531 la
635 4476 738 4546 sphere
751 4476 874 4531 d¹action
888 4476 942 4531 soit
958 4476 1034 4530 aussi
1048 4474 1169 4530 erendue
1179 4490 1234 4544 que
1247 4473 1273 4527 le
1286 4472 1399 4526 cabinet
1408 4469 1446 4524 du

193 4555 304 4625 Pape...
324 4556 405 4610 Nous
418 4557 615 4626 contemplons
628 4556 700 4611 dans
713 4557 739 4611 le
760 4556 837 4626 Pape
850 4557 878 4610 la
895 4554 1034 4625 premiere
1047 4570 1187 4625 personne
1202 4551 1401 4608 intellectuelle
1420 4558 1448 4604 et

194 4635 300 4689 morale
313 4634 348 4689 de
362 4652 395 4690 ee
408 4635 513 4691 monde
526 4656 532 4702 ;
546 4636 609 4706 plus
622 4652 677 4706 que
690 4636 759 4703 cela,
772 4636 800 4690 la
812 4635 875 4706 plus
885 4635 993 4706 grande
1010 4633 1140 4703 noronte,
1152 4633 1180 4687 la
1193 4634 1257 4704 plus
1269 4632 1354 4687 haute
1372 4630 1448 4701 puis·

193 4729 280 4769 sance
293 4713 341 4786 qui
353 4714 442 4769 existe
455 4713 589 4772 ici-bas...
606 4715 736 4772 Pendant
749 4724 823 4770 cette
843 4713 972 4773 derniere
985 4713 1130 4789 vingtaine
1147 4712 1280 4773 d'annees
1298 4711 1325 4766 la
1337 4710 1447 4787 dispro-
