3496 5482
670 532 793 584 CAPUT
822 533 1068 584 UNDECIMUM.

406 639 683 650 ,.,...........-.....
968 639 1028 645 .-ἡ
1042 639 1427 658 --—-——--.......-

243 699 422 787 vationes,
440 700 676 788 variationes,
692 699 932 775 rationabiles
947 701 1171 776 mutationes
1183 728 1315 778 omnes
1331 705 1367 778 in
1386 704 1499 779 modo

243 816 443 917 regiminis,
461 844 549 916 quae
568 819 742 893 videntur
757 818 943 917 requisitae
957 843 979 892 a
994 819 1182 894 modernis
1198 832 1410 918 temporumf
1422 822 1498 897 exi-

241 920 388 1035 ¹gentiis.
420 935 590 1012 Ecclesia
607 937 706 1012 enim
728 962 801 1011 non
821 953 878 1011 est
902 961 1037 1035 corpus
1067 956 1252 1013 mortuum
1280 941 1347 1014 sed
1368 941 1499 1015 vivens

243 1071 280 1129 et
299 1055 429 1144 vivax;
451 1058 669 1132 Dominium
693 1075 817 1132 autem
839 1057 1043 1156 temporale
1062 1084 1147 1156 pars
1165 1077 1224 1136 est
1242 1062 1406 1158 corporis
1428 1061 1498 1136 Ec-

242 1172 387 1260 clesiae,
408 1175 455 1247 ad
477 1174 684 1251 Ecclesiam
713 1176 831 1274 ipsam
852 1177 1023 1274 pertinet,
1043 1195 1080 1251 et
1102 1178 1302 1254 Pontifices
1321 1205 1388 1276 pro
1407 1197 1499 1254 tem-

243 1316 334 1388 pore
352 1292 558 1368 existentes
577 1319 651 1368 non
670 1313 757 1369 sunt
776 1294 845 1368 nisi
865 1293 976 1393 hujus
994 1295 1160 1369 Dominii
1179 1297 1499 1373 administratores

244 1409 310 1483 sed
329 1411 506 1508 supremi.

296 1529 417 1604 Modo
439 1530 540 1626 Papa
559 1531 696 1605 habeat
714 1547 940 1628 potestatem
960 1556 1172 1628 supremam
1192 1550 1229 1606 et
1246 1533 1500 1630 independen-

246 1664 331 1734 tem,
352 1646 423 1723 hoc
442 1649 550 1723 nobis
578 1648 723 1724 sufficit.
758 1650 879 1746 lpsius
906 1650 976 1724 erit
1006 1649 1159 1725 forsitan
1186 1650 1317 1748 majori
1346 1677 1501 1727 numero

244 1792 433 1844 assumere
452 1766 564 1843 laicos
584 1768 620 1841 in
640 1768 840 1854 ministros,
861 1786 899 1845 et
919 1794 993 1844 non
1012 1769 1169 1866 amplius
1190 1787 1244 1845 tot
1263 1768 1425 1857 clericos
1448 1772 1500 1847 uti

243 1886 330 1960 olim
346 1887 482 1962 sactum
498 1888 581 1975 fuit;
600 1890 667 1963 sed
681 1889 759 1963 haec
778 1907 864 1963 sunt
882 1888 1125 1984 accidentalia
1143 1906 1286 1964 tantum
1300 1887 1353 1989 (¹).
1374 1890 1501 1965 Firma

246 2025 371 2082 manet
390 2010 528 2084 veritas
553 2034 665 2107 quarn
691 2010 801 2085 docet
831 2010 910 2083 Leo
930 2009 1034 2082 Xlll
1055 2035 1062 2083 :
1084 2020 1104 2048 ¹⁴
1128 2010 1330 2084 Humanae
1348 2010 1499 2108 quidem

245 2155 303 2204 res
336 2148 546 2216 mutantur;
567 2131 633 2205 sed
659 2129 827 2205 benefica
857 2130 1021 2226 supremi
1052 2129 1300 2228 Magistratus
1326 2128 1501 2205 ecclesia·

244 2248 326 2323 stici
344 2249 463 2324 virtus
478 2276 500 2325 e
518 2247 623 2324 coelo
641 2267 708 2335 est,
730 2273 772 2321 ac
796 2272 946 2344 semper
968 2248 1100 2321 eadem
1116 2247 1302 2345 persistit:
1324 2249 1398 2323 imo
1416 2272 1500 2322 cum

246 2367 305 2442 ille
335 2369 370 2442 in
400 2368 508 2443 terris
539 2385 721 2465 perpetuo
749 2366 948 2440 duraturus
976 2366 1033 2452 sit,
1062 2365 1309 2440 humanitatis
1327 2367 1503 2440 incessum

236 2487 457 2583 pererrante
472 2486 671 2583 vagituum
687 2485 948 2581 consequitum
970 2509 1093 2580 aeque,
1123 2493 1165 2557 ut
1187 2485 1408 2559 detractores
1423 2482 1503 2557 eius

244 2603 432 2702 effutiunt,
441 2606 550 2679 iustis
567 2614 770 2701 temporum
790 2603 1068 2689 necessitatibus,
1084 2603 1185 2700 qued
1201 2603 1291 2690 licet,
1308 2628 1344 2677 se
1356 2602 1500 2701 coufor-

246 2751 350 2799 mare
366 2736 511 2800 recusat
529 2722 584 2825 (²).
607 2724 624 2752 ”

299 2847 455 2920 Prorsus
473 2862 597 2919 autem
618 2845 804 2942 rejicimus
818 2844 942 2917 ideam
954 2869 1020 2917 seu
1033 2844 1265 2941 propositum
1287 2843 1504 2919 Vicariatus

245 2989 358 3061 quern
377 2989 489 3060 super
508 2962 676 3038 Statibus
699 2959 877 3036 Ecclesiae
895 2960 1044 3035 volebat
1062 2960 1133 3035 sibi
1152 2987 1343 3037 assumere
1365 2959 1502 3058 Philip·

246 3107 326 3179 pus,
344 3080 477 3156 Galliae
497 3082 590 3168 Rex,
612 3097 780 3177 tempore
803 3078 983 3153 Bonilacii
996 3079 1050 3152 Vl
1062 3079 1074 3152 l
1086 3080 1112 3161 l,
1129 3103 1317 3177 quamque
1335 3079 1503 3175 proposi·

247 3201 387 3276 tionem
407 3201 628 3275 instauravit
641 3200 777 3274 nostris
796 3197 1028 3296 temporibus
1051 3198 1249 3295 Napoleon
1270 3198 1345 3272 lll.
1369 3199 1504 3272 Reser-

247 3338 396 3393 varetur
408 3344 544 3415 nempe
562 3318 730 3392 Pontifici
745 3316 868 3415 aliqua
883 3316 1052 3413 pecuniae
1071 3316 1212 3413 pensio,
1227 3333 1264 3390 et
1279 3315 1406 3390 nescio
1420 3338 1504 3412 quae

248 3455 415 3534 potestas
432 3437 643 3521 habitualis,
669 3435 890 3533 Imperatori
918 3433 977 3508 vel
1002 3433 1107 3508 alteri
1128 3434 1265 3508 tradito
1284 3459 1374 3508 vero
1393 3458 1506 3530 super

249 3557 417 3632 Statibus
450 3555 630 3631 Ecclesiae
661 3555 851 3641 Dominio,
882 3571 921 3628 et
948 3555 1093 3628 actuali
1123 3579 1298 3652 suprema
1317 3571 1505 3651 potestate

248 3674 425 3751 translata
445 3676 480 3749 in
500 3701 585 3749 eum
606 3694 795 3774 tamquam
816 3675 851 3747 in
872 3673 1059 3747 Vicarium
1079 3691 1319 3771 perpetuum;
1337 3717 1387 3729 —
1405 3672 1506 3770 quod

249 3795 493 3893 incongruum
512 3814 550 3868 et
569 3793 836 3892 inacceptabile
854 3791 978 3866 visum
998 3811 1067 3867 est.

300 3909 356 4011 (3)
395 3911 542 4009 Majora
577 3910 735 3987 dicenda
770 3927 857 3984 sunt
892 3927 1022 3984 contra
1059 3907 1205 3985 tertiam
1235 3906 1507 3982 limitationem.

253 4028 463 4127 Praeprimis
507 4029 669 4106 maxime
713 4029 892 4128 injuriosa
926 4045 984 4102 est
1023 4025 1205 4102 Ecclesiae
1240 4043 1278 4101 et
1323 4024 1507 4099 Pontifici.

287 4247 309 4287 1.
328 4234 412 4286 Nota.
428 4232 444 4261 “
460 4234 507 4288 Un
521 4235 655 4304 opuscule
668 4235 771 4304 publia,
786 4235 804 4288 il
819 4251 836 4303 y
851 4251 868 4288 a
881 4232 923 4288 six
942 4250 994 4288 ans
1007 4233 1110 4302 (1884),
1124 4249 1172 4287 sur
1184 4231 1212 4285 la
1225 4229 1357 4301 question
1370 4228 1510 4295 romaine,

249 4309 382 4367 insinuait
395 4312 449 4367 fort
464 4325 611 4383 sagement
624 4331 688 4385 que,
702 4315 775 4370 dans
797 4314 823 4367 le
843 4329 893 4367 cas
915 4311 999 4367 d’une
1020 4312 1218 4379 restauratum
1237 4311 1264 4364 le
1285 4312 1363 4378 Pape
1385 4305 1510 4378 pourrait

249 4389 385 4445 donnera
397 4408 443 4447 ses
457 4393 545 4462 sujets
556 4411 592 4446 un
606 4404 693 4449 statut
706 4411 763 4448 non
774 4410 826 4463 pas
837 4392 993 4461 identique,
1004 4392 1076 4447 mais
1088 4391 1231 4459 analogue
1243 4406 1297 4444 aux
1310 4383 1511 4442 constitutions

250 4471 443 4525 modernes....
461 4473 515 4525 Les
531 4473 631 4542 Papes,
650 4475 724 4528 est-il
738 4473 837 4527 besoin
851 4471 888 4525 de
902 4471 928 4526 le
942 4473 1017 4526 dire?
1030 4472 1122 4525 furent
1135 4471 1262 4539 toujours
1276 4469 1317 4523 les
1331 4469 1461 4521 hommes
1474 4464 1511 4520 de

251 4549 310 4602 leur
324 4550 423 4616 siecle3
437 4562 464 4604 et
479 4552 498 4604 il
512 4554 537 4605 le
551 4568 614 4606 sera
627 4553 713 4621 aussi,
728 4554 754 4606 le
770 4554 845 4621 Pape
861 4552 1016 4606 Souverain
1031 4551 1066 4605 de
1081 4552 1108 4604 la
1121 4549 1158 4603 fin
1172 4549 1210 4603 du
1224 4548 1308 4602 XIX‘
1321 4547 1415 4602 siecle.
1428 4547 1442 4573 ''
1457 4543 1513 4614 (La

250 4629 342 4681 uerit!
351 4631 441 4683 surla
453 4633 583 4699 question
596 4635 730 4699 ramar'ne,
744 4648 807 4701 pag.
827 4642 874 4698 135
888 4640 917 4684 et
935 4630 1005 4696 137.)

289 4722 313 4760 2.
335 4709 397 4762 litt.
412 4709 448 4763 ad
462 4710 538 4764 card.
552 4711 712 4779 Rampolla,
726 4712 742 4763 8
757 4713 820 4764 Oct.
838 4712 917 4776 1893.
