3496 5482
250 486 322 552 208
658 505 751 554 rara
778 505 837 553 srr
866 505 938 553 nex
971 504 1095 554 noue.

249 664 430 740 Ecclesiae
447 691 526 740 suae
544 667 646 740 viros
665 667 878 748 industrios,
900 683 1063 740 rectores
1080 667 1389 762 patrimoniorum
1413 671 1504 740 asci-

248 781 310 853 vit.
336 780 379 852 ln
398 781 535 877 quibus
554 766 785 878 Cyprianum
804 780 1004 854 diaconum
1022 782 1236 876 patrimonii
1260 782 1386 866 Sicilii,
1410 783 1505 855 Pan·

247 895 432 970 taleonem
446 899 631 971 notarium
647 897 885 993 Syracusani,
896 897 1097 971 Fautinum
1112 899 1349 974 defensorem
1367 900 1504 974 Panor-

246 1015 566 1114 mitani,Sergium
578 1015 816 1089 defensorem
832 1015 1072 1098 Calabritani,
1090 1017 1302 1090 Romanum
1318 1019 1504 1109 notarium

245 1133 371 1230 Apuli,
395 1133 628 1208 Benenatum
659 1132 896 1207 defensorem
928 1133 1134 1219 Samnitici,
1152 1134 1400 1207 Anthemium
1418 1135 1505 1207 sub·

244 1251 442 1325 diaconum
464 1250 717 1347 Neapolitani,
742 1251 893 1325 Petrum
912 1251 1181 1324 subdiaconum
1194 1251 1389 1348 Campani,
1406 1251 1505 1325 Can·

243 1373 373 1445 didum
412 1371 649 1446 defensorem
694 1369 820 1455 Tusci,
858 1370 1040 1443 Urbicum
1085 1369 1322 1443 defensorem
1359 1371 1502 1455 Sabini,

245 1487 428 1585 Optatum
448 1489 684 1563 defensorem
711 1472 884 1571 Nursini,
907 1486 1152 1560 Benedictum
1172 1489 1357 1561 notarium
1375 1487 1504 1561 defen-

242 1632 366 1681 sorem
385 1607 600 1682 Carseolani
618 1635 626 1694 ;
648 1606 813 1681 Felicem
831 1607 1101 1680 subdiaconum
1120 1607 1266 1703 Appiae,
1287 1607 1502 1681 Custorium

242 1726 504 1801 chartularium
549 1728 792 1810 Ravennatis,
831 1726 1044 1800 Castorium
1079 1726 1264 1799 notarium
1304 1726 1502 1810 Histriani,

243 1845 452 1919 Antonium
471 1846 741 1919 subdiaconum
764 1843 1003 1929 Dalmatiani,
1024 1844 1210 1940 Joannem
1234 1845 1420 1917 notarium
1456 1844 1502 1917 ll·

242 1961 407 2059 lyricani,
440 1963 708 2060 Symmachum
749 1962 987 2037 defensorem
1038 1963 1231 2046 Sardiniae,
1270 1962 1502 2036 Bonifacium

244 2082 429 2154 notarium
449 2082 631 2166 Corsiani,
652 2081 920 2154 Pantaleonem
950 2081 1134 2154 notarium
1169 2081 1343 2178 Liguriae,
1366 2080 1503 2154 Hiero·

244 2223 396 2294 nymum
416 2199 653 2273 defensorem
672 2195 826 2295 Alpium
852 2198 1072 2282 Cottiarum,
1096 2197 1284 2271 Hilarium
1316 2199 1502 2272 notarium

244 2316 522 2391 Germaniciani
535 2317 793 2391 etCandidum
805 2314 1504 2412 presbyterumGallicani.Haecautem

244 2436 555 2530 prudentissimus
574 2456 680 2533 pater
699 2435 916 2533 Gregorius,
941 2460 1015 2509 non
1033 2435 1154 2507 solum
1173 2435 1210 2508 in
1232 2435 1412 2520 Romana,
1433 2435 1502 2508 sed

245 2569 284 2625 et
297 2581 363 2650 per
376 2555 546 2628 diversas
562 2553 752 2628 Ecclesias
765 2552 1029 2650 perpetualiter
1042 2553 1279 2626 observanda
1290 2553 1504 2627 censebat.'’

298 2672 470 2768 Qualiter
497 2691 589 2746 sane
620 2671 837 2770 Gregorius,
863 2670 986 2770 pergit
1018 2670 1184 2766 Joannes
1212 2671 1400 2754 diaconus,
1435 2697 1505 2766 per

244 2812 503 2890 procuratores
520 2792 855 2867 ecclesiasticorum
884 2792 1204 2887 patrimoniorum,
1239 2791 1341 2865 velut
1372 2792 1503 2890 Argus

243 2912 395 3009 quidem
426 2911 737 2984 luminosissimus
766 2935 833 3005 per
864 2911 978 2983 totius
1003 2910 1132 2982 mundi
1160 2909 1394 2983 latitudinem
1422 2934 1503 2985 suae

244 3028 439 3127 pastoralis
457 3029 715 3105 sollicitudinis
728 3028 856 3104 oculos
873 3028 1148 3115 circumtulerit,
1171 3055 1245 3104 non
1258 3030 1325 3103 abs
1338 3056 1377 3104 re
1396 3030 1502 3104 forsi-

244 3166 318 3220 tam
333 3149 503 3222 duxerim
516 3148 928 3248 perstringendumAit
941 3148 1040 3221 enim
1058 3149 1093 3220 in
1110 3147 1281 3243 Epistola
1294 3148 1503 3223 Anthemio

243 3266 496 3340 subdiacono:
530 3278 550 3305 ‘⁴
583 3266 753 3340 Discenti
784 3265 849 3338 tibi
883 3265 1154 3350 mandavimus,
1192 3283 1230 3339 et
1261 3266 1502 3361 postmodum

243 3382 440 3479 praeceptis
471 3382 765 3457 discurrentibus
797 3382 1003 3479 injunxisse
1034 3407 1095 3454 me
1123 3381 1273 3454 memini
1306 3401 1347 3455 ut
1374 3407 1502 3457 curam

242 3523 448 3594 pauperum
466 3525 629 3598 gereres,
644 3520 682 3572 et
694 3500 724 3572 si
745 3524 839 3595 quos
852 3497 924 3571 illic
944 3524 1059 3597 egere
1077 3523 1335 3597 cognosceres,
1353 3502 1502 3597 scriptis

242 3619 516 3692 recurrentibus
531 3619 714 3692 indicares
728 3637 765 3692 et
779 3619 841 3692 vix
853 3619 902 3692 de
920 3618 1047 3713 paucis
1060 3618 1140 3689 haec
1155 3617 1276 3691 facere
1292 3618 1439 3692 curasti.

295 3736 393 3809 Volo
411 3754 536 3810 autem
552 3754 592 3810 ut
612 3737 761 3810 domnae
778 3735 934 3808 Pateriae
947 3735 1034 3808 thiae
1054 3761 1157 3820 meae,
1175 3760 1261 3808 mox
1281 3755 1321 3808 ut
1340 3762 1502 3832 praesen·

242 3872 316 3932 tem
343 3855 553 3951 jussionem
582 3855 782 3951 acceperis
813 3853 949 3926 offeras
979 3854 1025 3926 ad
1058 3852 1270 3926 calciarium
1300 3880 1502 3950 puerorum

239 3970 380 4045 solidos
397 3973 646 4070 quadraginta
664 3990 702 4045 et
721 3971 831 4044 tritici
853 3971 1020 4044 modicos
1039 3971 1308 4069 quadragintos
1326 4000 1333 4057 ;
1351 3974 1502 4046 domnae

243 4091 429 4180 Palatinae,
462 4093 598 4167 relictae
633 4092 777 4175 Urbici,
798 4091 939 4164 solidos
969 4092 1103 4189 viginti
1133 4108 1171 4166 et
1202 4092 1312 4167 tritici
1334 4092 1503 4165 modicos

240 4227 436 4296 trecentos,
467 4211 617 4285 domnae
645 4210 817 4283 Vivianae
837 4209 974 4283 relictae
996 4208 1132 4283 Felicis
1151 4210 1291 4284 solidos
1312 4210 1445 4309 viginti
1464 4230 1503 4283 et

240 4326 349 4401 tritici
369 4329 535 4402 modicos
555 4346 745 4402 trecentos
772 4328 835 4426 qui
861 4353 993 4401 omnes
1012 4327 1122 4401 simul
1155 4329 1373 4426 octingenta
1390 4326 1502 4400 solidi

241 4446 277 4518 in
296 4445 369 4518 tuis
387 4446 591 4519 rationibus
610 4446 888 4542 imputentur...
910 4444 965 4546 (¹).

280 4667 301 4707 r.
319 4655 398 4722 Jean.
410 4657 500 4725 Diae,
517 4657 580 4711 Vita
598 4657 629 4711 S.
645 4655 794 4726 Greg.,liv.
810 4657 849 4711 11.
