3496 5482
566 640 1069 747 PROOEMIUM.

300 962 375 1035 UA
381 962 460 1035 RE
477 962 541 1035 leoc
558 962 769 1057 opuseulum
789 960 829 1031 iu
856 960 968 1031 leuem
989 960 1148 1056 prodere
1162 961 1313 1057 juvat?
1333 964 1443 1052 Qum,

198 966 292 1231 Q
320 1082 530 1153 BENEVOLE
563 1079 727 1163 LECTOR,
752 1104 864 1174 quum
895 1079 1042 1149 anemos
1070 1080 1244 1151 soloorulz'
1268 1080 1446 1157 desulerio

315 1198 505 1295 impulsus,
513 1204 629 1293 prout
647 1195 928 1267 nu'sszouarium
948 1196 1050 1279 decet,
1070 1197 1203 1267 studiis
1221 1223 1388 1269 evocarem
1405 1200 1448 1269 ele

188 1319 358 1393 soluendo
379 1316 574 1412 questione
589 1314 721 1387 sociali
734 1324 768 1383 et
786 1315 829 1385 de
851 1313 1095 1409 conpescendo
1121 1313 1325 1387 soczulesmi
1348 1343 1446 1390 mou·

189 1446 275 1521 stro,
299 1434 381 1507 virli
401 1434 479 1507 luce
504 1434 653 1515 clarius,
674 1457 795 1503 omues
816 1448 973 1515 conatus,
994 1442 1071 1504 tom
1095 1432 1368 1527 [operatorum
1391 1437 1451 1508 oel

190 1554 344 1651 Regum,
375 1552 435 1624 oel
477 1552 749 1647 Legislotorum
780 1576 891 1645 quom
917 1550 1157 1645 privatorum
1188 1552 1358 1623 virorum
1399 1556 1452 1625 orl

191 1670 333 1744 civilem
356 1668 622 1741 restituendum
648 1669 824 1743 ordinem.
845 1678 1004 1761 prorsus
1021 1667 1112 1761 fore
1142 1668 1350 1763 irereſj‘icuces,
1373 1672 1452 1743 uz'si

181 1794 298 1888 prius
316 1790 554 1863 restituerint
576 1788 809 1883 temporalem
831 1786 979 1859 Chresti
1003 1788 1040 1858 V
1037 1788 1153 1859 iconii
1173 1789 1445 1884 Priuepotum.

240 1910 430 1981 Ptuelereo
455 1933 536 1979 cum
563 1907 757 1977 secundum
787 1906 983 1977 Hectorem
1010 1906 1234 2001 Augele'enm
1265 1908 1327 1979 uil
1349 1910 1447 1980 unti-

192 2026 305 2121 qnius
329 2050 401 2095 esse
427 2022 550 2096 debent
575 2022 704 2117 cuique
729 2023 811 2095 m'ro
840 2022 1033 2117 lleligr'oso,
1054 2024 1124 2117 qui
1142 2024 1255 2094 or'teem
1280 2024 1445 2109 mixtam,

192 2144 251 2215 uti
265 2144 403 2224 dicunt,
417 2142 610 2238 professus
627 2152 688 2224 est,
701 2166 743 2211 oc
761 2142 952 2211 ueritatem
967 2139 1210 2235 contemplari
1230 2160 1267 2213 et
1282 2163 1448 2215 contem-

192 2261 291 2359 plata
318 2260 399 2333 aliis
426 2262 583 2340 tradere,
604 2259 757 2332 oolnr'et
775 2286 825 2335 en.
846 2285 926 2354 qnae
953 2262 1026 2355 ipse
1052 2261 1309 2356 contemplatus
1335 2288 1447 2342 enom,

190 2386 300 2455 etiam
319 2383 412 2453 ullis
429 2381 706 2453 commum'rore.

241 2499 395 2573 Accedit
411 2508 445 2571 el
462 2499 541 2571 alio
556 2499 655 2571 rollo
670 2522 684 2567 .·
702 2495 855 2569 Audiui
869 2497 967 2567 euim
985 2522 1101 2569 vocene
1129 2499 1268 2593 captiui
1292 2500 1445 2573 dilectis·
1551 2573 1554 2579 ,

191 2622 281 2693 simi
301 2621 436 2693 Petris
454 2622 577 2693 nostri
591 2618 726 2690 Leonis
745 2618 841 2689 lenm
860 2617 898 2689 in
918 2618 1063 2692 modum
1095 2644 1214 2690 omues
1240 2627 1273 2689 el
1283 2620 1447 2714 singulos

183 2738 294 2835 filios
310 2738 579 2835 alloquentem:
600 2748 620 2775 ‘⁴
640 2738 689 2809 ln
707 2736 838 2831 officiis
857 2737 978 2833 egitur
994 2763 1085 2833 qum
1107 2764 1170 2809 uos
1192 2740 1353 2833 iungunt
1371 2740 1451 2812 Deo

191 2866 299 2954 atque
320 2857 511 2941 Eecksioe,
539 2856 602 2927 leoe
619 2864 670 2927 est
691 2855 963 2927 numerandum
976 2858 1145 2937 maxime,
1166 2864 1208 2927 ut
1232 2856 1271 2927 iu
1299 2858 1451 2931 ueritate

192 2975 398 3049 christiane
418 2973 679 3073 propogumlo.
704 2974 1041 3069 propulsamlispue
1064 2975 1265 3058 erroribm,
1294 2976 1451 3049 elaboret

193 3092 434 3191 singulorum,
456 3092 579 3189 quoad
583 3100 712 3189 potest,
736 3091 937 3165 industrio.

249 3224 269 3249 “
287 3210 462 3307 Profecto
475 3211 733 3309 praedicendi,
755 3210 817 3283 leoc
834 3220 887 3282 est
903 3211 1055 3284 clocemli
1075 3238 1210 3285 mumes
1228 3214 1309 3285 iure
1326 3212 1451 3286 de'eiuo

184 3344 297 3430 penes
315 3334 512 3428 neagistros
529 3341 589 3416 est,
610 3358 698 3428 quos
720 3331 882 3427 Spiritus
902 3332 1064 3405 Sanctus
1083 3332 1207 3427 posuit
1240 3332 1450 3427 Episcopos

194 3476 324 3549 regere
346 3448 554 3523 Ecclesiam
577 3450 661 3533 Dei,
682 3448 908 3546 neanimeque
931 3460 1042 3545 penes
1071 3448 1286 3547 Pontificem
1315 3450 1450 3521 Romu-

194 3594 329 3641 uum...
364 3567 503 3641 Niln'u
534 3568 657 3641 miuus
691 3594 792 3640 eterno
816 3578 926 3664 putet
968 3567 1194 3640 zierlustrium
1232 3569 1451 3641 uoumellane

193 3689 315 3761 entem
345 3688 385 3759 in
418 3696 616 3783 reponere
639 3689 811 3784 priuatos
830 3688 1072 3785 proleiberi...
1094 3718 1106 3764 .·
1126 3690 1199 3784 qui,
1229 3688 1367 3783 quoties
1395 3714 1453 3759 res

194 3806 328 3901 exigat,
348 3807 524 3879 commode
535 3816 699 3901 possunt,
722 3832 792 3878 nou
810 3831 898 3878 sone
929 3805 1085 3878 doctoris
1102 3806 1176 3877 sibi
1193 3814 1325 3901 parles
1350 3832 1450 3877 ossu-

195 3950 300 4009 more,
320 3924 450 4009 sedeo,
471 3950 563 4020 quoe
577 3924 652 4019 ipsi
665 3927 876 4021 occeperint,
893 3926 1084 4021 impertire
1101 3927 1273 3998 celeres...
1293 3925 1346 4023 (¹).
1370 3927 1387 3949 ’'

247 4050 268 4080 ‘⁴
289 4040 474 4115 Catleoliei
488 4042 667 4138 cuiusque
685 4043 878 4137 scriptoris
905 4069 1038 4115 memus
1050 4056 1112 4124 est,
1131 4045 1170 4114 in
1186 4043 1293 4116 libris
1309 4042 1455 4115 edendis

185 4160 335 4259 perfido
352 4170 535 4234 sectarum
553 4160 706 4233 consilio
727 4160 766 4232 in
803 4169 928 4256 operto
956 4171 990 4231 et
999 4162 1200 4258 propatulo
1221 4174 1368 4258 ponere.
1389 4160 1453 4231 Fi-

193 4278 332 4351 rlelium
363 4278 581 4375 quorumvis
610 4277 770 4373 officium
787 4286 839 4350 est
869 4279 1077 4351 eorumdem
1104 4280 1287 4351 librorum
1304 4280 1453 4373 eoeelgo·

194 4396 328 4469 tionem
346 4395 485 4491 efficaci
498 4394 601 4468 morlo
613 4405 817 4469 sustentare
832 4394 886 4494 (²).
907 4397 925 4422 ’'

232 4578 253 4619 1.
275 4565 380 4635 Eneye.
404 4566 472 4635 Sap.
494 4564 599 4620 Christ.
614 4566 659 4619 De
681 4564 832 4635 praecipuis
853 4564 957 4620 civium
979 4564 1199 4620 christianorum
1213 4564 1322 4620 officiis.
1342 4564 1452 4633 10Jan.

197 4642 329 4781 ιδξῗλῙᾸῑ.
342 4724 381 4781 ad
394 4724 489 4797 Episc.
503 4725 566 4781 Ital.
582 4738 612 4795 15
629 4724 692 4781 Oct.
710 4726 784 4795 1890.
