3496 5482
319 478 353 486 .-

635 486 777 493 -.υ-ῳ..-

317 548 390 618 204
728 549 821 599 ΡΑΡΑ
848 548 908 600 SlT
934 549 1009 599 REX
1039 549 1165 601 ROMAE.

371 715 460 810 Quo
478 715 604 789 animo
627 717 805 789 ducerent
828 714 898 788 viri
926 713 1049 812 illiqui
1080 715 1276 789 continuas
1305 716 1578 815 exagitationes

317 834 574 921 moliebantur,
584 853 687 932 patet
702 861 748 908 ex
767 836 894 909 verbis
906 835 1075 932 ejusdem
1095 834 1311 910 Pontificis:
1334 836 1579 910 intendebant

318 953 489 1026 nimirum
510 978 719 1052 propagare
738 953 883 1027 semina
903 953 1110 1050 iniquarum
1126 979 1275 1027 suarum
1294 955 1577 1051 praedationum.

320 1070 475 1144 Fatetur
495 1073 583 1145 Pius
607 1072 687 1145 IX:
719 1081 738 1110 ¹⁴
757 1072 963 1146 Petitiones
982 1089 1020 1145 et
1039 1096 1278 1171 progressum
1299 1071 1346 1145 ab
1365 1071 1579 1171 hujusmodi

319 1187 534 1262 hominibus
553 1206 749 1287 tantopere
768 1189 1009 1285 praedicatum
1029 1215 1072 1263 ea
1092 1190 1200 1263 unice
1224 1201 1402 1287 spectare,
1423 1206 1464 1264 ut
1489 1190 1579 1264 assi·

317 1307 401 1378 duae
416 1304 613 1382 foveantur
627 1309 861 1407 agitationes,
877 1325 915 1381 ut
931 1307 1056 1381 omnia
1066 1297 1578 1405 justitiae,virtutishonesta·

318 1424 375 1508 tis,
395 1423 585 1524 religionis
604 1426 784 1523 principia
804 1450 1074 1523 usquequaque
1092 1425 1241 1522 penitus
1259 1424 1446 1511 tollantur,
1466 1442 1579 1522 atque

317 1541 541 1616 terrendum
561 1562 598 1617 et
617 1543 942 1629 luctuosissimum,
963 1569 1005 1615 ac
1025 1542 1084 1618 vel
1106 1542 1175 1640 ipsi
1200 1543 1333 1617 rationi
1359 1541 1515 1617 naturali
1542 1560 1580 1615 et

313 1661 387 1758 juri
409 1661 570 1736 maxime
589 1662 788 1736 adversum
809 1661 1016 1747 seceielr'sme',
1032 1660 1090 1735 vel
1111 1661 1225 1736 etiam
1243 1660 1506 1746 communituri,
1527 1658 1581 1732 uti
1631 1693 1637 1704 ·

318 1777 508 1875 appellant
540 1790 694 1878 systema
729 1805 813 1853 cum
846 1780 1010 1853 maximo
1040 1780 1154 1853 totius
1187 1778 1361 1854 humanae
1392 1776 1581 1853 societatis

319 1896 554 1985 detrimento,
575 1916 613 1972 et
632 1899 746 1972 exitio
758 1923 1042 1996 quaquaversus
1061 1897 1272 1985 inducatur,
1284 1908 1514 1996 propagetur
1538 1919 1581 1968 ac

319 2010 432 2111 longe
450 2013 600 2114 lateque
617 2016 828 2091 dominetur
844 2014 899 2116 (¹).
911 2015 930 2043 '¹

373 2132 556 2227 Quisnam
585 2134 695 2233 hujus
723 2161 843 2210 novus
862 2134 1051 2209 societatis
1070 2152 1189 2208 status
1214 2133 1358 2208 futurus
1386 2152 1487 2209 esset
1514 2160 1582 2209 nos

320 2270 459 2338 monet,
485 2277 647 2351 eumque
669 2255 802 2327 Romae
821 2279 897 2350 prae
916 2250 1032 2326 oculis
1050 2252 1189 2326 habuit.
1212 2252 1435 2326 Videremus
1454 2271 1491 2327 et
1512 2278 1582 2327 nos

320 2367 538 2444 societatem
548 2380 568 2409 ‘⁸
581 2371 712 2446 silvam
730 2372 965 2447 frementium
978 2370 1180 2446 bestiarum
1193 2396 1276 2445 esse
1290 2370 1433 2456 iactam,
1443 2397 1525 2445 cum
1537 2397 1583 2446 ea

320 2488 487 2562 omnium
508 2490 698 2564 nationum
713 2491 925 2565 hominibus
943 2490 1136 2574 redundet,
1154 2489 1217 2586 qui
1235 2488 1296 2563 vel
1316 2507 1508 2587 apostatae,
1523 2489 1582 2564 vel

320 2605 482 2680 haeretici
495 2607 566 2693 ‚vel
587 2609 857 2694 communismi,
875 2608 926 2682 uti
938 2608 1075 2692 dicunt,
1096 2624 1159 2681 aut
1178 2607 1381 2681 sece'alz'sruz'
1395 2609 1580 2706 magestrr',

319 2749 361 2796 ac
393 2749 540 2799 summo
568 2745 697 2801 contra
725 2725 945 2801 catholicam
974 2726 1171 2800 veritatem
1201 2725 1289 2799 odio
1322 2725 1475 2800 animati
1504 2743 1581 2801 tum

320 2872 423 2931 voce,
451 2866 529 2921 tum
560 2849 716 2947 scriptis,
739 2867 816 2923 tum
849 2847 929 2922 aliis
959 2846 1180 2946 quibusdam
1212 2847 1334 2919 modis
1360 2846 1583 2945 omnigenos

321 2964 518 3060 pestiferos
535 2993 681 3042 errores
704 2968 835 3054 decere,
857 2968 1107 3052 disseminare,
1128 2966 1371 3061 omniumque
1394 2975 1528 3039 mentes
1550 2974 1585 3037 et
1639 2993 1640 2997 ¹

319 3084 463 3157 enz‘rnos
487 3094 697 3181 pervertere
720 3096 913 3171 conantur,
942 3103 982 3159 ut
1015 3085 1050 3158 in
1082 3084 1188 3158 Urbe
1214 3083 1294 3179 ipsa
1325 3080 1379 3180 (in
1404 3083 1583 3157 societate

323 3199 487 3298 Europae
520 3228 587 3277 nos
616 3203 798 3303 dicemus)
830 3205 860 3276 si
896 3204 975 3278 fieri
1012 3227 1175 3299 unquam
1215 3218 1352 3297 posset,
1392 3199 1583 3274 catholicae

322 3315 511 3418 religionis
534 3323 721 3407 sanctitas
739 3341 776 3397 et
796 3321 1073 3396 irreformabilis
1093 3321 1179 3395 fidei
1198 3321 1424 3415 depravetur
1442 3318 1497 3419 (²).
1514 3319 1531 3347 '⁵

269 3495 273 3505 .
375 3437 426 3511 Et
442 3437 593 3536 insuper
610 3441 670 3514 die
691 3444 712 3514 8
731 3442 821 3515 Dec.
846 3440 1015 3539 ejusdem
1035 3438 1121 3512 anni
1146 3442 1239 3531 1849
1260 3438 1295 3509 in
1317 3436 1518 3532 Encyclica
1535 3440 1582 3511 ad

323 3554 637 3655 Archiepiscopos
667 3576 780 3656 atque
814 3558 1024 3655 Episcopos
1049 3553 1188 3643 ltaliae,
1208 3555 1304 3628 idem
1335 3554 1373 3629 S.
1411 3554 1583 3629 Pontifex

324 3697 475 3747 narrans
494 3673 700 3751 luctuosum
720 3702 832 3774 quem
851 3675 1075 3750 lamentatur
1094 3692 1283 3758 eventum,
1304 3672 1584 3771 praecipuasque

322 3790 518 3886 assignans
533 3819 673 3879 causas,
690 3793 887 3891 quinquies
903 3792 1062 3866 intendit
1078 3791 1402 3866 communismum.
1424 3800 1442 3827 “
1458 3790 1583 3888 Hujus

321 3907 593 3985 scelestissimae
613 3911 897 3986 machinationis
922 3910 1153 3996 architectos,
1175 3909 1236 3994 ait,
1258 3933 1304 3981 eo
1332 3908 1482 3981 tandem
1501 3933 1583 4005 spe·

323 4048 432 4116 ctare,
473 4048 514 4104 ut
557 4031 714 4128 populos
741 4032 842 4105 omni
889 4056 1147 4128 perversarum
1183 4027 1434 4101 doctrinarum
1471 4047 1584 4101 vento

323 4146 494 4245 agitatos,
515 4149 562 4223 ad
582 4150 866 4223 subversionem
886 4147 1078 4245 impellant
1107 4147 1219 4221 totius
1249 4145 1388 4218 ordinis
1408 4145 1583 4217 humana·

323 4290 402 4336 rum
422 4289 556 4352 rerum,
577 4286 689 4364 atque
708 4268 762 4341 ad
781 4267 931 4362 nefarie
950 4267 1038 4339 ueru'
1060 4263 1262 4339 seeielrsmz‘
1280 4272 1314 4335 et
1331 4263 1587 4335 cerumunt'smi

322 4387 734 4481 systematutraducunt.
757 4387 775 4414 ”

361 4629 487 4684 1.Alloc.
503 4629 544 4683 Pii
563 4632 605 4684 IX
619 4631 647 4685 in
661 4632 776 4687 consist.
792 4649 871 4699 secr,
886 4646 920 4684 zo
932 4631 1001 4700 Apr.
1019 4631 1093 4698 1849.

361 4723 386 4766 2.
406 4709 460 4764 All.
474 4708 589 4766 consist.
605 4728 685 4782 secr,
699 4727 734 4767 20
745 4713 814 4783 Apr.
830 4711 905 4780 1849.
