3496 5482
247 532 450 540 ——-——-.

712 589 835 640 curun
863 588 1029 639 scxrun.
1437 589 1502 662 ¹05

242 754 470 831 hoc'dictum
494 757 549 831 Pii
572 757 652 831 IX:
674 768 694 797 “
714 758 917 854 impiarum
931 772 1117 830 sectarum
1134 754 1410 836 machinatione
1429 780 1503 829 non

241 875 313 949 alia
330 875 379 952 de
397 902 509 951 causa
527 903 702 973 suprema
719 876 838 951 civilis
873 876 1004 950 Nostri
1028 874 1261 972 Principatus
1285 876 1371 972 jura
1400 892 1505 950 tanto

243 995 325 1069 nisu
353 995 501 1070 suerunt
528 996 706 1094 impetita,
729 996 798 1070 nisi
819 1014 857 1070 ut
877 997 928 1068 ita
946 996 1007 1069 via
1026 1013 1258 1070 sterneretur
1275 995 1323 1069 ad
1354 993 1503 1069 abolen-

242 1114 342 1199 dum,
373 1114 403 1187 si
435 1114 515 1189 fieri
546 1133 685 1212 posset,
713 1112 942 1212 spiritualem
974 1113 1239 1210 Principatum,
1259 1139 1334 1210 quo
1362 1111 1505 1212 fulgent

245 1232 345 1307 Petri
374 1258 618 1319 successores,
649 1232 924 1329 delendamque
952 1230 1173 1306 catholicam
1205 1231 1425 1318 Ecclesiam,
1453 1231 1505 1329 ip·

202 1353 204 1356 ’
242 1374 400 1447 sumque
420 1350 559 1425 Christi
579 1377 726 1438 nomen,
749 1352 786 1424 in
805 1351 866 1424 illa
884 1350 1047 1425 viventis
1066 1369 1103 1424 et
1123 1351 1314 1449 regnantis
1334 1349 1378 1451 (¹)
1398 1351 1427 1423 ”.

296 1466 359 1552 Et,
381 1485 420 1541 ut
443 1469 494 1542 ait
520 1469 600 1542 Leo
620 1468 754 1542 XIII:
785 1468 979 1543 “Certum
1009 1467 1320 1565 exploratumque
1348 1483 1415 1553 est,
1441 1492 1507 1541 eos

244 1585 315 1658 hoc
333 1588 482 1683 assequi
502 1586 607 1672 velle,
627 1613 699 1659 una
730 1611 813 1660 cum
845 1588 966 1684 capite
988 1586 1190 1674 Ecclesiae,
1224 1605 1343 1661 totum
1372 1611 1507 1683 corpus

246 1702 394 1778 afficere
413 1724 451 1778 et
465 1704 685 1803 religionem
704 1705 925 1803 extinguere
944 1698 999 1804 Γ).
1021 1704 1038 1730 ”

296 1822 370 1895 Ast
388 1847 503 1918 quum
518 1823 721 1898 habeamus
736 1841 875 1896 sectam
892 1824 1010 1920 ipsam
1029 1842 1069 1897 ut
1090 1823 1268 1898 latentem
1286 1848 1399 1908 reum,
1417 1820 1506 1919 quid

245 1942 365 2016 adhuc
385 1943 596 2041 indigemus
617 1944 859 2018 Pontificibus
879 1945 1060 2019 testibus?
1079 1946 1223 2042 Aperte
1241 1944 1389 2043 scripsit
1406 1942 1507 2016 Mas·

245 2061 399 2136 sonibus
412 2090 607 2160 supremus
623 2065 801 2163 magister
813 2089 941 2138 eorum
960 2064 1175 2151 Lemmi,10
1193 2063 1371 2138 Octobris
1392 2066 1507 2155 1890:

299 2190 320 2218 “
342 2180 517 2256 L'e'difice
536 2207 609 2278 que
641 2181 694 2255 les
728 2183 759 2255 F
765 2183 833 2256 F.·.
865 2201 951 2256 sont
976 2208 1022 2256 en
1051 2183 1136 2257 voie
1168 2181 1329 2256 d'elever
1358 2182 1452 2254 dans
1471 2178 1506 2255 le

248 2297 394 2384 monde,
429 2325 476 2373 ne
507 2326 642 2396 pourra
661 2305 740 2375 etre
762 2301 926 2400 'regarde
950 2326 1097 2373 comme
1116 2300 1237 2374 arrive
1256 2299 1278 2373 ὲ
1297 2300 1371 2373 bon
1391 2299 1506 2395 point,

247 2435 326 2492 tant
359 2444 433 2515 que
462 2417 515 2493 les
537 2418 568 2490 F
573 2420 641 2494 F.·.
663 2420 810 2494 d'Italie
830 2419 999 2494 n‘auront
1017 2447 1085 2518 pas
1117 2419 1181 2494 fait
1200 2422 1275 2493 don
1306 2419 1327 2492 ὲ
1356 2417 1506 2492 l‘huma·

249 2537 325 2609 nite
352 2538 419 2610 des
447 2538 647 2612 doombres
664 2539 707 2611 do
724 2539 762 2612 la
780 2539 1004 2612 destruction
1021 2539 1071 2612 du
1085 2539 1218 2636 grand
1230 2539 1432 2612 ennom...
1454 2537 1510 2610 Le

257 2656 413 2731 Volicon
429 2658 591 2733 tombero
603 2684 686 2732 sons
701 2669 806 2732 notre
830 2668 1000 2733 manteau
1029 2658 1202 2756 oinifiont
1215 2663 1279 2732 J...
1297 2657 1372 2731 Les
1398 2657 1479 2730 FF.
1487 2680 1505 2730 ·.

149 2844 152 2849 .
246 2775 464 2849 troooz'llent
481 2777 524 2849 de
541 2787 656 2851 tontes
674 2777 774 2851 leurs
781 2778 909 2874 forces
924 2777 949 2850 d
966 2778 1126 2875 dissipor
1143 2779 1193 2850 ks
1197 2777 1348 2874 pierres
1364 2776 1414 2850 dn
1438 2775 1476 2849 V
1471 2801 1509 2851 o·

248 2897 348 2969 lican
369 2894 423 2995 (3).
445 2897 461 2924 ”

303 3025 323 3052 “
343 3015 429 3101 Ουί,
451 3041 530 3089 mes
549 3015 656 3090 chers
678 3015 824 3100 Frdres,
855 3042 949 3090 nous
977 3017 1122 3091 devous
1151 3015 1264 3090 lutter
1289 3040 1364 3091 non
1392 3014 1510 3090 seule·

250 3149 353 3206 ment
379 3150 508 3207 contre
535 3133 569 3208 Ie
595 3134 819 3231 pretendant
838 3136 887 3209 du
906 3135 1074 3222 Vatican,
1098 3135 1190 3208 mais
1209 3151 1338 3209 contre
1356 3133 1391 3209 Ie
1413 3134 1508 3207 Pon·

251 3249 362 3324 tile...
385 3249 414 3323 ll
435 3251 512 3325 Iaut
531 3278 660 3327 mener
678 3271 806 3326 contre
826 3252 875 3326 lui
895 3280 968 3327 une
986 3279 1120 3351 guerre
1139 3252 1323 3328 acharnee
1343 3250 1435 3353 (⁴)...
1459 3251 1475 3278 '¹

305 3369 402 3443 “La
432 3370 598 3467 Papaute
623 3373 721 3469 jette
739 3397 875 3446 encore
893 3373 941 3445 de
968 3371 1086 3447 l'e‘clat
1113 3373 1208 3445 dans
1235 3372 1269 3446 le
1288 3372 1506 3445 Vatican....

255 3489 363 3563 Nous
383 3489 541 3564 voulons
559 3490 593 3565 la
610 3517 755 3590 guerre,
786 3511 823 3567 et
853 3491 875 3566 il
909 3493 986 3566 Iaut
1015 3518 1089 3589 que
1115 3518 1158 3567 ce
1185 3493 1258 3567 soit
1286 3517 1359 3566 une
1376 3515 1512 3591 guerre

142 3650 145 3656 -
251 3607 435 3702 acharnee
454 3606 508 3708 (⁵).
531 3610 546 3637 ’¹

305 3737 326 3766 “
347 3726 516 3802 Ecclesia
529 3728 690 3815 inermis,
706 3729 824 3827 inquit
836 3730 1103 3806 documentum
1115 3731 1370 3806 authenticum
1385 3746 1509 3814 sectae,

253 3869 327 3917 non
346 3863 402 3919 est
423 3846 492 3920 nisi
513 3846 683 3921 Ecclesia
702 3866 863 3936 mortua;
883 3849 1072 3924 occidatur
1090 3874 1183 3949 ergo
1202 3850 1238 3923 in
1262 3849 1368 3923 Urbe
1387 3847 1442 3949 (⁶).
1463 3846 1481 3874 ”

305 3972 326 4001 “
347 3963 555 4061 Occupatio
586 3966 718 4039 Romae
751 3992 850 4041 mors
878 3986 934 4042 est
953 3969 1116 4065 supremi
1139 3967 1390 4042 Pontificatus.
1413 3967 1430 3994 ’¹
1454 3966 1513 4040 Ita

254 4081 377 4179 Crispi
397 4081 449 4183 (⁷).

291 4283 313 4323 1.
332 4270 423 4325 Alloc.
438 4286 471 4339 ²3
486 4273 556 4326 Dec.
574 4271 648 4335 1872.

289 4363 312 4402 2.
334 4350 459 4419 Encycl.‚
473 4351 542 4404 Etsi
552 4368 601 4404 nos
617 4363 646 4418 15
663 4351 743 4404 Febr.
762 4351 836 4404 1882.

289 4443 312 4496 3.
335 4430 400 4496 Mgr
412 4430 448 4483 de
461 4432 493 4483 T'
508 4432 644 4497 Serclaes‚
659 4431 734 4483 Llon
748 4430 836 4497 XIII,
849 4441 867 4485 t.
886 4431 923 4499 11,
938 4449 963 4501 p.
981 4445 1038 4484 121.

289 4523 315 4573 4.
334 4509 413 4577 ibin,
427 4528 452 4579 p.
471 4524 527 4576 123.

293 4601 315 4655 5.
334 4588 415 4655 Ibid,
428 4607 453 4657 p.
472 4603 530 4654 124.

290 4668 315 4720 6.
337 4668 487 4722 Bollem'no
505 4669 633 4738 Ilffiriole.

293 4760 316 4811 7.
339 4749 485 4817 Vaughan,
501 4750 528 4800 T
525 4749 559 4802 Ite
571 4750 680 4802 Roman
693 4753 829 4821 question,
843 4768 904 4819 cap.
920 4764 939 4804 1.
