3496 5482
609 486 732 538 CAPUT
759 487 939 538 DECIMUM
966 486 1152 540 TERTIUM·
1439 497 1510 568 313

251 589 398 600 -ψ

311 663 367 725 14.
386 642 500 718 Unde
520 669 567 719 ex
585 644 739 723 historia
750 645 1041 722 luculentissime
1059 664 1172 744 patet,
1188 649 1253 747 jus
1272 674 1412 725 novum
1427 649 1508 738 hoc,

250 760 351 859 quod
392 761 676 841 internationale
712 764 927 866 appellatur,
959 793 1006 842 ex
1041 765 1242 843 christiana
1278 769 1510 846 institutione

253 879 384 956 initum
416 898 454 957 et
484 900 606 958 ortum
634 884 975 984 amplissimamque
1004 884 1291 984 explicationem
1324 887 1509 977 habuisse,

252 995 289 1073 in
309 1024 469 1098 persona
490 1001 746 1078 Romanorum
778 1002 1012 1091 Pontificum,
1029 1004 1248 1104 principium
1271 1032 1313 1081 ac
1342 1023 1510 1083 centrum

252 1117 405 1193 unitatis
435 1120 683 1208 constituisse,
710 1138 748 1198 et
775 1147 912 1221 magna
938 1147 980 1197 ac
1005 1123 1098 1197 mira
1125 1140 1245 1199 totum
1274 1149 1341 1223 per
1366 1123 1509 1200 Orbem

251 1254 429 1335 patrasse,
451 1239 540 1336 quin
559 1240 716 1340 singulae
735 1241 953 1340 respublicae
972 1269 1014 1317 ac
1038 1268 1154 1342 regna
1182 1242 1242 1318 illa
1261 1245 1509 1344 respectivam

248 1352 459 1447 libertatem
481 1382 524 1431 ac
543 1357 872 1457 independentiam
890 1361 1115 1438 amisissent.
1134 1362 1202 1460 Jus
1229 1362 1328 1437 enim
1356 1361 1436 1449 hoc,
1462 1388 1509 1437 ex

251 1490 380 1548 mutuo
411 1472 548 1549 civium
578 1475 862 1553 christianorum
881 1479 1008 1553 amore
1037 1477 1152 1555 libere
1183 1480 1367 1568 exoriens,
1395 1480 1509 1578 majo·

251 1614 328 1666 rem
347 1593 501 1668 unitatis
520 1594 596 1668 vim
616 1594 652 1669 in
671 1621 831 1694 persona
860 1597 1116 1672 Romanorum
1139 1597 1370 1684 Pontificum,
1396 1623 1506 1697 quam

249 1728 476 1807 praetensum
490 1712 553 1811 jus
574 1711 662 1787 illud
680 1713 924 1803 ethnicorum,
944 1741 992 1790 ex
1010 1715 1213 1814 cupiditate
1242 1734 1280 1791 et
1308 1717 1345 1790 vi
1365 1716 1508 1813 profici·

249 1856 368 1919 scens,
382 1833 418 1907 in
431 1858 591 1931 persona
607 1835 861 1912 Romanorum
875 1835 1140 1935 imperatorum
1157 1835 1390 1911 nanciscitur.
1406 1835 1508 1932 Quid

248 1949 348 2025 enirn
383 1952 450 2026 luit
479 1950 692 2052 hujusmodi
729 1953 850 2029 unitas
887 1953 923 2028 in
951 1953 1108 2053 patriam
1144 1971 1208 2029 aut
1245 1954 1506 2053 imperatorem

253 2069 464 2145 Romanum
489 2097 573 2169 quae
591 2070 679 2146 olim
699 2072 829 2170 viguit,
858 2098 924 2170 per
950 2097 1061 2170 quarn
1081 2097 1213 2148 omnes
1231 2093 1268 2148 et
1287 2071 1422 2173 singuli
1443 2099 1509 2171 per

250 2186 393 2264 Orbem
413 2189 619 2266 existentes
627 2190 775 2290 juribus
789 2191 901 2266 etiam
918 2208 1060 2266 naturae
1077 2190 1235 2289 spoliati,
1250 2191 1286 2265 in
1299 2216 1345 2265 ea
1358 2216 1508 2289 quoque

157 2333 162 2342 ·
250 2307 457 2384 miserrima
468 2309 596 2408 jacere
614 2309 829 2385 conditione
847 2326 1042 2408 coguntur,
1058 2327 1097 2383 ut
1116 2310 1330 2407 perenniter
1349 2310 1447 2384 bona
1466 2335 1509 2384 ac

246 2427 467 2526 sanguinem
493 2428 613 2526 ipsum
643 2427 798 2502 Numini
828 2428 880 2502 sic
910 2427 1098 2502 horrendo
1116 2453 1157 2501 ac
1178 2426 1354 2501 invisibili
1374 2427 1508 2504 offerre

246 2562 452 2632 teneantur,
474 2547 561 2621 dum
577 2572 624 2622 ex
638 2572 682 2621 ea
698 2571 772 2622 non
788 2546 901 2622 modo
916 2543 1055 2620 nullum
1076 2545 1240 2622 referunt
1259 2547 1413 2634 bonum,
1440 2546 1507 2622 sed

249 2664 450 2738 maximum
471 2664 546 2740 imo
565 2663 701 2739 malurn
721 2665 953 2762 exitiumque
973 2664 1185 2762 recipiunt?

301 2817 502 2893 Horribilis
541 2817 627 2893 hinc
663 2819 828 2917 undique
858 2817 1057 2893 crudelitas
1086 2843 1160 2916 qua
1185 2816 1326 2891 domini
1358 2842 1499 2906 servos,

247 2936 359 3010 eriam
390 2936 572 3034 supplicio
605 2937 700 3013 illico
732 2936 921 3011 mulctant.
955 2935 1044 3009 Non
1073 2936 1195 3010 minus
1215 2934 1442 3009 horrendum
1462 2961 1505 3010 ac

158 3127 164 3138 ,
246 3054 407 3132 immane
421 3057 671 3156 spectaculum
692 3059 794 3133 cives
813 3076 850 3133 et
869 3057 989 3155 patria
1009 3055 1089 3154 ipsa
1107 3056 1298 3131 exhibent.
1313 3054 1504 3151 Quemad-

244 3174 395 3248 modum
415 3175 514 3249 enim
533 3176 631 3251 servi
652 3203 727 3274 prae
754 3176 914 3251 dominis
937 3173 1126 3248 vilissimae
1146 3200 1267 3249 rerum
1290 3173 1427 3272 jacent,
1455 3173 1505 3248 ita

245 3310 283 3366 et
301 3292 403 3367 cives
423 3319 498 3390 prae
522 3295 650 3393 patria,
678 3294 777 3369 nulla
805 3319 957 3393 prorsus
988 3312 1128 3366 naturae
1146 3290 1412 3391 personalitate
1430 3291 1504 3366 sul·

245 3409 334 3497 fulti,
351 3411 453 3485 nihili
468 3412 864 3512 aestimantur.Ecquid
881 3413 928 3487 de
942 3410 1130 3486 extraneis
1145 3410 1337 3486 dicemus?
1356 3408 1502 3486 Omnes

244 3531 337 3605 sicut
357 3530 502 3607 barbari
522 3551 559 3609 et
579 3534 708 3610 hostes
726 3534 971 3610 habebantur.

296 3678 444 3752 Revera
462 3703 554 3778 ergo
567 3679 631 3776 jus
653 3677 938 3754 internationale
956 3677 1034 3752 veri
1055 3677 1216 3751 nominis
1234 3701 1282 3750 ex
1301 3675 1502 3750 christiana

242 3795 475 3872 institutione
505 3817 543 3873 et
573 3799 670 3872 curis
703 3798 740 3873 S.
777 3797 1014 3872 Pontificum·
1032 3794 1191 3870 effloruit
1229 3795 1325 3870 inter
1353 3812 1498 3895 gentes.

243 3915 427 4011 Quaenam
448 3943 578 4015 reapse
608 3939 706 3993 esset
735 3919 848 3993 totius
877 3917 1087 3990 christianae
1106 3913 1254 3989 lamiliae
1273 3914 1439 3988 conditio
1456 3913 1498 4000 si,

240 4033 392 4130 dempta
414 4036 573 4109 Romani
596 4035 785 4110 Pontificis
803 4035 1033 4120 auctoritate,
1054 4059 1187 4109 omnes
1209 4032 1400 4107 christiani
1420 4031 1500 4129 phi·

240 4150 385 4249 losophi
400 4154 478 4251 jam
499 4154 792 4229 rationalismum
812 4174 849 4229 et
868 4153 1146 4252 pantheismum
1165 4150 1439 4250 profiterentur,
1457 4173 1499 4223 ac

239 4296 370 4348 omnes
394 4273 605 4350 christianae
624 4275 754 4373 plebes
772 4276 809 4351 in
837 4273 1087 4349 socialismum
1115 4299 1158 4348 ac
1185 4271 1498 4347 communismum

239 4416 345 4466 ruere
363 4416 406 4465 ac
424 4391 645 4468 debacchari
664 4393 945 4469 minitarentur?
963 4392 1143 4488 Quinimo
1162 4391 1199 4466 in
1217 4414 1380 4489 quonam
1401 4412 1499 4462 nunc

240 4509 452 4584 miserando
470 4512 624 4587 omnino
643 4530 742 4588 statu
762 4529 972 4588 versaretur
991 4528 1110 4586 totum
1129 4508 1333 4584 humanum
1362 4529 1495 4606 genus,

239 4631 270 4705 si
297 4630 344 4703 ab
376 4630 482 4704 initio
500 4630 710 4710 christianae
729 4631 972 4735 institutionis
990 4655 1164 4732 suprema
1186 4626 1347 4732 Romani
1370 4623 1496 4704 Ponti·
