3496 5482
307 553 376 644 138
715 576 809 629 enen
835 578 895 630 s1r
921 579 996 629 nex
1024 579 1151 631 noum.

307 743 328 772 ‘⁸
349 750 387 808 et
412 758 716 811 socmntsrnnuu
738 738 939 812 consociati
960 763 1119 838 greges:
1141 739 1309 834 Quorum
1333 743 1462 840 coeptis
1479 742 1568 817 alie·

310 861 332 891 ‘⁶
352 877 439 926 nam
458 879 503 928 ne
519 880 556 928 se
578 855 718 928 dixerit
734 864 827 929 secla
848 855 1083 943 Mnssouuu,
1104 883 1197 954 quoe
1214 866 1248 930 cl
1264 860 1428 933 consiliis
1443 887 1568 934 corum

308 971 549 1046 “admodum
572 973 686 1066 favet,
714 984 749 1047 ct
773 999 915 1048 summa
941 975 1205 1048 sententiarum
1236 978 1356 1074 capita
1379 1004 1461 1083 crem
1480 979 1569 1076 ipsit

306 1097 327 1126 “
345 1088 450 1163 tabet
467 1116 683 1165 commumo.

355 1215 379 1244 “
402 1205 515 1301 Quod
534 1209 565 1282 si
585 1234 653 1282 nec
668 1210 844 1284 continuo
859 1235 926 1284 nec
941 1209 1080 1308 ubique
1093 1210 1141 1284 ad
1156 1229 1323 1286 extrema
1338 1213 1567 1310 experiendo

312 1334 332 1363 “
351 1326 568 1413 decernunt,
590 1352 664 1402 non
684 1327 847 1425 ipsorum
874 1346 931 1402 est
950 1327 1176 1426 disciplinae,
1199 1354 1272 1404 non
1292 1329 1473 1407 voluntati
1503 1334 1564 1407 tri-

305 1452 325 1482 “
351 1443 552 1528 buendum.
573 1446 639 1521 sed
658 1445 784 1520 virtuti
804 1445 993 1547 religionis
1011 1446 1172 1535 divinae,
1191 1474 1288 1545 quae
1302 1450 1472 1548 extingui
1490 1477 1565 1525 non

307 1572 330 1602 “
351 1581 496 1659 potest;
529 1565 694 1663 itemque
725 1565 861 1639 saniori
892 1563 1085 1641 hominum
1116 1566 1221 1663 parti,
1250 1567 1313 1664 qui
1345 1568 1564 1643 societatum

310 1690 331 1719 “
352 1679 666 1759 clandestinarum
711 1701 925 1761 recusantes
964 1685 1192 1770 servitutem,
1240 1685 1391 1761 insanos
1435 1713 1564 1762 eorum

308 1812 329 1861 ‘-‘
350 1822 506 1879 conatus
524 1807 609 1882 lorti
628 1809 753 1885 animo
772 1808 943 1883 refutant.
964 1806 982 1836 ’'

361 1919 421 1980 22·
444 1923 547 2019 Quid
590 1945 714 2001 autem
751 1924 866 2000 velint
910 1924 1155 1999 commum'stae
1194 1941 1230 1999 et
1264 1925 1456 2000 soczolislae
1485 1925 1564 2023 jam

310 2044 438 2118 docuit
456 2045 553 2120 idem
573 2044 718 2119 Videns
746 2061 881 2129 noster,
906 2041 1105 2140 Encyclica
1132 2068 1199 2116 sua
1232 2043 1343 2133 Quod
1367 2044 1562 2141 apostolici,

303 2164 376 2238 diei
414 2189 460 2240 20
489 2163 712 2239 Decembris
746 2165 850 2256 1878.
874 2172 894 2200 “
926 2162 997 2235 Per
1014 2161 1229 2236 universum
1255 2161 1398 2237 Orbem
1426 2161 1562 2249 diffusi,

308 2303 345 2360 et
365 2283 492 2383 iniquo
507 2284 604 2359 inter
621 2310 661 2358 se
680 2283 832 2359 loedere
846 2280 1052 2355 arctissime
1066 2279 1238 2378 colligati,
1255 2307 1328 2354 non
1344 2279 1502 2379 amplius
1516 2281 1564 2355 ab

306 2401 534 2478 occultorum
564 2419 816 2478 conventuum
836 2400 1000 2476 tenebris
1018 2398 1242 2497 praesidium
1271 2417 1464 2495 quaerunt,
1496 2399 1563 2474 sed

310 2519 432 2616 palam
461 2517 694 2618 fidenterque
721 2521 759 2594 in
790 2518 910 2593 lucem
940 2518 1176 2615 prodeuntes,
1214 2516 1315 2614 quod
1344 2516 1563 2613 iampridem

311 2636 471 2713 inierunt
497 2638 691 2713 consilium
718 2637 914 2713 cuiuslibet
944 2635 1062 2709 civilis
1097 2634 1285 2709 societatis
1322 2634 1564 2709 fundamenta

307 2754 551 2843 convellendi,
573 2755 752 2853 perficere
769 2755 994 2830 adnituntur.
1013 2801 1014 2804 =

362 2874 513 2951 Deinde
549 2877 714 2951 ostendit
752 2877 995 2951 Beatissimus
1034 2876 1154 2963 Pater,
1191 2899 1257 2950 eos
1292 2874 1561 2962 auctoritatem,

270 3049 272 3052 -
304 2991 479 3070 familiam
511 3020 554 3068 ac
583 2996 849 3093 proprietatem
869 2995 1058 3093 impetere.
1080 3003 1100 3032 “
1121 2994 1192 3068 Per
1218 2993 1380 3066 immane
1408 2992 1559 3080 lacinus,

305 3138 389 3187 cum
408 3113 575 3188 omnium
593 3113 786 3188 hominum
806 3112 1090 3188 necessitatibus
1109 3109 1302 3185 consulere
1317 3127 1354 3185 et
1368 3109 1563 3185 desideriis

302 3228 1560 3331 satisfacerevideantur‚quidquidautlegitimaehaereditatistitul0,

306 3369 369 3425 aut
388 3350 527 3450 ingenii
547 3378 797 3450 manuumque
812 3351 960 3438 habere,
974 3335 1039 3424 aut
1051 3348 1172 3423 victus
1191 3346 1416 3445 parsimonia
1434 3346 1561 3444 adqui·

304 3470 416 3544 situm
437 3489 504 3557 est,
526 3497 657 3570 rapere
675 3489 713 3546 et
730 3496 928 3547 commune
947 3469 1084 3544 habere
1102 3467 1346 3542 contendunt.
1368 3465 1386 3492 ''

354 3589 451 3664 “Ut
479 3590 639 3687 primum
670 3590 820 3665 conflari
847 3604 1051 3686 coeperunt
1083 3584 1335 3660 clandestinae
1363 3583 1562 3657 societates

301 3732 428 3781 earum
444 3709 526 3782 sinu
546 3733 700 3795 errores,
717 3734 810 3807 quos
826 3707 1126 3789 memoravimus,
1144 3704 1217 3778 iam
1233 3719 1311 3775 tum
1327 3700 1560 3774 fovebantur.

354 3826 643 3903 “Manifestum
672 3843 728 3902 est
760 3826 894 3923 quibus
925 3823 1158 3924 gravissimis
1189 3819 1315 3893 verbis
1350 3837 1388 3892 et
1423 3836 1562 3914 quanta

300 3943 413 4017 animi
441 3943 615 4019 firmitate
650 3963 688 4018 et
726 3942 935 4018 constantia
969 3939 1155 4041 gloriosus
1198 3938 1387 4011 Decessor
1420 3935 1562 4009 Noster

304 4061 391 4135 Pius
414 4061 482 4147 IX,
502 4088 533 4136 s.
553 4089 600 4137 m.
621 4079 699 4136 tum
727 4079 857 4136 contra
887 4060 1012 4157 iniqua
1044 4075 1228 4132 sectarum
1257 4055 1462 4139 conamina,
1483 4070 1560 4126 tum

300 4179 518 4254 nominatim
537 4198 666 4256 contra
685 4181 757 4254 iarn
791 4205 837 4254 ex
865 4179 955 4275 ipsis
984 4192 1244 4274 erumpentem
1273 4173 1474 4248 soczolz'smz'
1499 4197 1561 4268 pe·

300 4314 394 4373 stem
415 4297 646 4373 dimicaverit
665 4294 721 4397 (¹).
742 4297 759 4325 ’³

352 4415 509 4490 Praestat
523 4415 694 4514 quaedam
715 4415 830 4512 ipsius
853 4413 908 4487 Pii
923 4412 1050 4511 magni
1070 4411 1118 4485 de
1133 4410 1328 4485 socz'alz'stz's
1351 4424 1389 4481 et
1407 4431 1561 4480 commu·

299 4536 409 4610 uritis
422 4536 551 4611 audire
571 4534 723 4631 prolata

289 4740 294 4751 ¹
339 4759 361 4803 1.
381 4743 439 4804 Leo
453 4744 539 4821 XIII,
554 4744 635 4820 thid,
647 4744 733 4816 Quod
741 4743 894 4815 apostolici.
905 4771 940 4782 -
959 4741 1045 4810 (Vide
1053 4757 1147 4812 supra,
1160 4754 1211 4808 c.1,
1224 4746 1300 4808 n011,
1314 4755 1379 4808 pag.
1393 4739 1424 4793 18
1437 4746 1465 4793 et
1478 4736 1530 4806 19.)
