3496 5482
1205 456 1572 468 —‘·‘-··—·———-

316 518 388 590 334
726 517 819 567 PAPA
846 517 906 567 SIT
933 517 1008 566 REX
1037 517 1164 567 RotrAE.

312 674 512 774 profligato
531 675 776 761 dominatore,
799 700 888 748 mox
907 693 1033 748 tamen
1055 700 1163 773 reges
1181 677 1288 772 quasi
1312 676 1574 774 resipiscentes

313 793 455 868 mederi
473 793 596 867 conati
615 811 702 866 sunt
721 817 788 889 per
807 792 939 877 foedus,
962 811 1001 867 ut
1032 793 1146 878 aiunt,
1168 818 1315 867 sacrum
1333 812 1371 868 et
1392 811 1574 868 restaura·

311 912 453 986 tionem
487 931 767 1008 temporaneam
800 910 1035 1007 Principatus
1064 910 1295 1007 Apostolicae
1328 910 1452 998 Sedis,
1483 912 1573 1011 quin

313 1049 438 1105 tamen
456 1030 553 1104 serie
573 1031 794 1104 resarcirent
826 1029 1024 1127 pristinum
1043 1029 1214 1104 ordinem
1243 1029 1431 1117 socialem,
1454 1031 1574 1130 magis

312 1148 510 1247 magisque
523 1166 741 1244 quassatum
757 1172 824 1244 per
842 1165 983 1221 sectam
1002 1146 1223 1221 Massonum
1239 1174 1281 1222 ac
1297 1149 1344 1223 de
1358 1175 1457 1223 novo
1471 1149 1574 1248 peni·

311 1285 371 1340 tus
389 1265 630 1339 confractum.
651 1264 714 1339 Sic
734 1290 802 1339 nec
817 1264 919 1361 prius
938 1265 1189 1339 sacratissima
1203 1265 1288 1364 jura
1307 1266 1574 1341 dominationis

311 1404 349 1461 et
380 1383 619 1482 proprietatis
651 1383 781 1458 violari
814 1409 856 1457 ac
884 1383 1104 1469 conculcari,
1146 1410 1360 1483 novumque
1392 1387 1454 1484 jus
1486 1385 1573 1459 facti

310 1502 485 1600 completi
506 1503 717 1601 inaugurari
730 1502 830 1600 passi
849 1519 935 1575 sunt
952 1502 1207 1577 moderatores
1226 1523 1264 1578 et
1280 1529 1389 1603 reges
1407 1504 1573 1601 Europae

311 1646 423 1718 quam
453 1646 540 1694 ecce
569 1620 694 1694 adstat
721 1621 757 1694 in
784 1645 933 1716 poenam
962 1618 1089 1694 furens
1118 1645 1161 1693 ac
1188 1621 1315 1696 minax
1346 1622 1573 1720 demagogia

311 1738 841 1837 populorumquaeimpatiens
856 1739 1101 1837 imperatores
1111 1739 1440 1839 dominatoresque
1451 1740 1574 1815 asolio

311 1857 542 1933 descendere
561 1857 697 1930 invitat
716 1875 756 1930 ut
775 1857 855 1954 ipsa
875 1855 963 1930 illud
977 1857 1157 1931 ascendat
1175 1875 1289 1956 atque
1308 1878 1449 1957 regnet.

365 1975 498 2049 Eheu!
519 2000 645 2049 nonne
663 1973 783 2048 delusi
803 1993 890 2048 sunt
909 1975 1166 2050 moderatores
1186 1994 1323 2050 nostrae
1342 1977 1463 2051 aetatis
1481 2001 1572 2075 quo·

312 2095 384 2168 ties
403 2093 449 2167 ad
477 2092 773 2191 extinguendam
792 2093 891 2166 sitim
906 2093 1002 2191 juris
1017 2109 1055 2167 et
1068 2093 1226 2192 justitiae
1245 2093 1467 2192 populorum
1486 2121 1571 2170 suo·

312 2237 404 2296 rum,
425 2209 707 2309 dereliquerunt
722 2210 864 2286 sontem
877 2236 984 2308 aquae
999 2211 1097 2285 vivae
1115 2229 1154 2285 et
1166 2210 1340 2286 soderunt
1355 2212 1425 2286 sibi
1444 2213 1570 2288 cister·

311 2354 388 2415 nas,
403 2329 583 2403 cisternas
595 2329 806 2425 dissipatas,
821 2355 905 2427 quae
924 2330 1115 2405 continere
1136 2354 1210 2403 non
1224 2329 1350 2404 valent
1368 2357 1484 2429 aquas
1497 2329 1540 2431 (¹)
1556 2331 1572 2406 ?

366 2448 417 2522 Et
435 2448 574 2522 addere
592 2446 679 2522 licet
708 2449 788 2521 haec'
806 2448 938 2546 gravia
966 2449 1108 2522 monita
1129 2448 1226 2524 Dei:
1249 2457 1269 2487 “
1288 2467 1326 2523 et
1346 2474 1442 2522 nunc
1462 2474 1570 2548 reges

312 2564 519 2663 intelligite,
540 2565 737 2641 erudimini
756 2567 820 2664 qui
834 2566 1012 2664 judicatis
1031 2584 1177 2641 terram.
1200 2566 1218 2593 ”

363 2683 533 2779 Quorum
566 2702 691 2758 tamen
721 2709 797 2758 non
825 2684 975 2781 penitus
1005 2683 1120 2758 oblita
1152 2709 1237 2768 esse
1267 2682 1441 2757 videntur
1469 2684 1571 2758 varia

206 2839 210 2847 ·
313 2801 478 2899 Europae
508 2800 691 2901 gubernia
722 2802 934 2885 christiana,
967 2802 1107 2899 quippe
1127 2803 1293 2876 nondum
1323 2801 1434 2898 plane
1453 2821 1569 2877 ratam

312 2918 522 2995 habuerunt
552 2918 815 3016 spoliationem
847 2938 1011 2993 statuum
1046 2919 1227 3010 Ecclesiae
1259 2944 1418 3018 aregno
1453 2921 1570 2995 ltaliae

311 3057 510 3135 peractam,
549 3036 709 3135 ideoque
745 3038 918 3111 siminus
949 3037 1094 3112 actuale
1132 3037 1352 3111 Dominium
1380 3040 1572 3114 vindicare

310 3154 459 3240 audent,
488 3155 574 3253 jura
605 3173 731 3230 tamen
765 3155 878 3254 regiae
906 3156 1173 3230 dominationis
1204 3174 1304 3229 sarta
1333 3174 1506 3254 tectaque
1533 3158 1570 3231 in

314 3271 495 3347 Pontificc
524 3297 676 3347 servare
707 3273 871 3359 student,
893 3299 940 3347 ne
967 3273 1121 3370 antiqua
1144 3272 1240 3371 juris
1260 3274 1393 3348 notitia
1420 3275 1570 3371 penitus

305 3393 385 3490 jam
405 3391 569 3465 extincta
589 3392 749 3464 insuam
783 3392 948 3487 ipsorum
968 3392 1170 3488 perniciem
1200 3392 1321 3467 cedat.
1352 3393 1454 3465 Hinc
1478 3393 1570 3492 regii

310 3512 483 3595 honores,
504 3510 640 3607 quibus
662 3510 841 3584 continuo
876 3511 1016 3606 Papam
1035 3530 1076 3585 ut
1096 3513 1143 3585 de
1172 3511 1256 3609 jure
1275 3537 1402 3610 regem
1439 3512 1571 3586 Romae

310 3629 488 3727 prosequi
507 3645 646 3713 curant,
669 3648 708 3701 ut
727 3653 829 3725 saepe
847 3629 985 3726 saepius
1003 3629 1358 3715 Russia‚Germania
1376 3648 1413 3704 et
1432 3629 1573 3727 Anglia

311 3748 557 3822 intentionem
590 3746 890 3821 manifestavere.
920 3791 970 3802 -
1002 3748 1149 3845 Ecquid
1181 3747 1260 3822 fieri
1290 3770 1418 3846 posset
1441 3768 1482 3823 ut
1507 3751 1571 3847 jus

310 3864 399 3938 illud
418 3889 549 3938 verum
568 3882 606 3938 et
625 3865 802 3938 continuo
820 3865 990 3962 agnitum
1005 3884 1216 3963 opportuna
1235 3867 1433 3941 occasione
1448 3885 1568 3952 nacta,

311 4007 385 4056 non
401 3982 437 4055 in
449 4000 573 4055 actum
587 3981 899 4056 reduceretur?-
909 3982 1036 4058 Placet
1049 3984 1161 4057 etiam
1174 3983 1389 4080 exemplum
1402 3985 1569 4080 proferre

309 4101 410 4197 quod
431 4101 643 4198 nuperrime
661 4102 820 4174 occurrit
851 4101 1048 4176 occasione
1067 4102 1320 4175 coronationis
1340 4104 1467 4200 magni
1497 4104 1568 4176 lm·

310 4218 492 4314 peratoris
504 4216 711 4291 Alexandri
728 4217 897 4303 lll,nam
911 4219 1090 4292 invitatus
1105 4220 1170 4292 luit
1185 4222 1380 4293 Romanus
1396 4219 1570 4294 Pontifex

309 4353 351 4408 ut
369 4320 533 4434 legatum
554 4336 727 4420 mitteret,
750 4361 824 4409 non
838 4335 990 4431 quidem
1015 4361 1089 4432 qua
1107 4357 1219 4433 caput
1233 4337 1424 4433 spirituale
1440 4334 1570 4412 Eccle-

309 4454 374 4528 siae
393 4452 595 4540 catholicae,
611 4455 678 4528 sed
689 4480 763 4552 qua
780 4453 957 4550 Princeps
973 4454 1198 4551 temporalis.
1223 4455 1376 4529 Etenim
1390 4455 1428 4529 S.
1447 4455 1569 4529 Sedes

348 4669 370 4710 r.
385 4655 504 4724 Jer.,11‚
521 4669 530 4708 r
535 4670 560 4724 3.
