3496 5482
1317 456 1503 466 .-—.--—u

602 520 723 571 CAPUT
751 519 931 570 DECIMUM
958 519 1142 572 TERTIUM.
1160 544 1162 559 ν
1433 520 1503 589 297

250 463 578 475 .......—----———·

297 678 429 753 “Non
460 695 547 752 sunt
576 678 647 752 hae
679 676 803 751 sutiles
835 679 970 752 mentis
997 677 1195 766 illusiones,
1218 679 1284 752 sed
1304 702 1402 774 spes,
1423 702 1503 775 per·

243 820 356 893 quam
375 795 496 871 solido
514 821 557 869 ac
576 795 699 870 veraci
718 795 963 869 fundamento
983 794 1132 870 innixae
1152 792 1208 894 (¹).
1227 793 1246 822 ''
1498 871 1500 874 ,

280 922 316 996 ,“
337 913 467 988 Sortes
489 914 634 987 Romae
652 938 756 986 sacra
775 912 936 1010 quadam
957 913 1070 1010 atque
1089 911 1335 987 indissolubili
1362 912 1505 987 ratione

244 1056 327 1104 cum
347 1030 510 1106 sortibus
525 1031 663 1106 Vicarii
687 1032 776 1106 lesu
798 1032 963 1107 Cnmsrr
983 1051 1071 1106 sunt
1089 1031 1227 1132 ligatae
1247 1029 1300 1130 (²).
1323 1031 1341 1058 ''

294 1163 326 1223 7.
350 1149 553 1224 Restitutio
574 1149 742 1224 Dominii
761 1149 800 1224 S.
818 1150 929 1225 Sedis
943 1175 1017 1225 non
1030 1168 1172 1224 tantum
1192 1149 1289 1224 Urbi
1302 1150 1369 1224 sed
1384 1168 1422 1224 et
1436 1150 1505 1224 toti

245 1266 440 1364 prodesset
456 1266 573 1341 ltaliae
588 1279 609 1307 ⁴⁴
621 1268 725 1342 cuius
739 1267 774 1341 in
788 1269 871 1342 sinu
887 1268 992 1342 Deus
1002 1269 1139 1343 Vicarii
1154 1268 1210 1342 sui
1225 1269 1366 1355 sedem,
1378 1269 1504 1368 singu·

244 1383 330 1460 laris
344 1411 386 1459 ac
401 1386 588 1483 praecipui
603 1387 740 1460 amoris
752 1404 837 1460 actu
849 1386 1091 1461 collocavit...
1102 1386 1213 1461 Salus
1225 1387 1346 1487 agitur
1359 1387 1504 1463 univer·

243 1526 307 1576 sae
329 1502 515 1589 Nationis,
541 1522 579 1579 et
605 1505 756 1602 quidem
777 1502 860 1579 talis
883 1504 917 1578 N
924 1506 1069 1591 ationis,
1091 1531 1187 1604 quae
1217 1531 1238 1578 a
1267 1504 1395 1602 primis
1415 1505 1504 1602 ipsis

247 1619 439 1695 Ecclesiae
453 1623 688 1719 'temporibus
710 1622 844 1696 Fidem
863 1621 1084 1697 catholicam
1110 1623 1207 1699 laeta
1225 1625 1384 1722 excepit,
1404 1650 1503 1700 eam·

242 1764 317 1837 que
334 1764 484 1836 semper
502 1740 658 1814 sollicite
676 1740 879 1814 custodivit
898 1736 954 1839 (³).
974 1739 993 1766 '’

297 1857 392 1932 Haec
412 1857 510 1932 enim
547 1858 656 1942 ltalia¹
681 1883 765 1956 quae
794 1858 890 1932 inter
915 1877 1058 1932 ceteras
1083 1856 1302 1932 christianas
1331 1860 1503 1958 regiones

243 2001 429 2050 armorum
459 1976 620 2076 ingenio,
642 1977 817 2061 scientiis,
837 1976 988 2061 artibus,
1010 1975 1209 2050 virtutibus
1238 1977 1380 2062 enituit,
1409 1979 1504 2052 sicut

244 2119 328 2168 rosa
343 2096 439 2169 inter
457 2095 576 2181 flores,
605 2113 643 2169 et
662 2095 795 2169 iterum
815 2120 915 2169 novo
939 2094 1139 2191 splendore
1160 2120 1332 2191 novaque
1350 2121 1504 2192 prospe·

244 2212 352 2286 ritate
383 2212 642 2298 effloresceret,
666 2211 726 2284 ubi
746 2212 905 2308 primum
925 2211 1116 2285 salutilero
1141 2211 1281 2317 influxu
1312 2210 1502 2286 Pontificis

243 2350 283 2405 ut
299 2331 425 2428 planta
443 2333 513 2406 sub
533 2331 644 2405 radiis
663 2331 750 2404 solis
771 2331 892 2427 posita
911 2330 1109 2405 foveretur.

294 2449 407 2544 Quod
427 2450 526 2524 enim
547 2476 619 2525 una
638 2448 769 2548 pusilla
791 2449 1018 2546 Respublica
1035 2448 1159 2545 quoad
1177 2466 1276 2522 artes
1296 2448 1503 2546 praesertim

242 2570 412 2666 patravit,
436 2595 502 2642 nec
516 2568 696 2642 latissima
713 2569 891 2643 moderna
906 2567 1061 2663 imperia
1076 2584 1275 2642 tentarunt.
1294 2568 1407 2643 Unde
1427 2567 1503 2643 lere

243 2711 374 2761 omnes
406 2684 525 2760 ltaliae
552 2688 723 2761 civitates
756 2684 930 2783 exemplo
954 2686 1069 2759 Urbis
1104 2687 1236 2759 Romae
1262 2687 1446 2760 scientias·
1465 2706 1503 2761 et

243 2824 342 2888 artes
371 2805 540 2902 impense
572 2806 741 2894 coluisse,
772 2806 967 2880 innumera
994 2806 1231 2903 superbaque
1261 2824 1503 2879 monumenta

243 2921 355 2997 etiam
375 2922 528 2996 rudibus
548 2942 740 3000 testantur.
771 2925 914 2998 ldcirco
942 2925 978 2996 in
1007 2923 1104 2997 sacto
1122 2921 1357 3019 apertissimo
1377 2942 1443 3009 est,
1464 2924 1501 2996 in

243 3039 323 3113 dies
342 3065 528 3113 armorum
549 3043 745 3139 potentias,
767 3042 941 3116 scientias
960 3060 997 3115 et
1016 3058 1115 3114 artes
1133 3040 1325 3128 deiecisse,
1352 3066 1436 3114 cum
1455 3067 1502 3115 eo

243 3159 363 3257 magis
389 3158 572 3255 cupiditas
597 3176 634 3232 et
657 3158 713 3230 vis
741 3157 950 3232 libertatem
978 3176 1016 3231 et
1045 3157 1374 3253 independentiam
1404 3158 1502 3233 illam

243 3273 549 3370 proculcaverint.
591 3273 655 3348 Nil
685 3275 809 3372 itaque
843 3275 986 3361 mirum,
1021 3274 1122 3371 quod
1156 3276 1292 3349 nostris
1329 3277 1502 3374 tempori·

244 3392 312 3465 bus
321 3392 400 3491 jam
420 3390 543 3488 plures
562 3393 609 3466 ad
623 3412 773 3466 aetatem
790 3392 888 3467 illam
905 3393 1098 3489 pristinam
1114 3392 1234 3467 redire
1249 3412 1431 3490 exoptant
1447 3393 1500 3495 (⁴).

295 3522 316 3550 ‘⁸
340 3511 561 3584 Pacificandi
596 3511 772 3595 studium,
803 3536 879 3608 quo
915 3536 1044 3585 sumus
1075 3536 1166 3608 erga
1201 3530 1335 3610 gentes
1371 3536 1503 3586 omnes

241 3629 373 3714 allecti,
404 3628 545 3702 utinam
575 3629 702 3724 possit,
724 3654 798 3726 qua
817 3627 913 3702 velle
931 3629 1115 3703 debemus
1142 3631 1295 3713 ratione,
1323 3632 1502 3726 prodesse

246 3746 385 3832 ltaliae,
406 3772 517 3844 quarn
537 3773 620 3820 cum
649 3748 823 3820 Romano
845 3748 1066 3822 Pontificatu
1086 3766 1190 3822 tanta
1213 3746 1318 3822 Deus
1343 3748 1500 3822 necessi·

242 3866 370 3938 tudine
398 3865 601 3948 coniunxit,
633 3889 805 3962 quaeque
836 3865 997 3938 maxime
1030 3864 1153 3939 Nobis
1184 3890 1269 3939 cara
1298 3867 1501 3963 estipsius

241 3983 567 4057 commendatione
587 4001 751 4057 naturae.

295 4114 314 4141 ‘⁶
337 4102 420 4175 Nos
439 4102 600 4199 quidem,
630 4102 729 4198 quod
751 4127 824 4174 non
854 4100 969 4175 semel
995 4100 1169 4186 diximus,
1189 4120 1227 4174 et
1248 4101 1312 4173 diu
1330 4120 1369 4174 et
1388 4099 1499 4174 vehe-

241 4238 385 4294 menter
414 4219 484 4292 hoc
510 4218 731 4314 expetimus,
760 4219 992 4292 ut‘omnium
1028 4218 1205 4292 Italorum
1235 4217 1347 4290 animi
1370 4243 1500 4290 secura

1237 4348 1303 4354 .—
1310 4348 1363 4360 .,,....
1380 4348 1436 4353 ...-
1443 4345 1492 4351 0...

280 4403 300 4442 ι.
322 4390 379 4444 Leo
393 4388 479 4455 Xlll‚
495 4387 586 4457 Epist.
600 4388 637 4440 ad
653 4388 747 4458 Episc.
766 4389 836 4456 ltal,
854 4389 885 4441 16
899 4388 962 4442 Oct.
981 4389 1055 4456 1890.

277 4483 299 4522 2.
322 4468 412 4538 Epist.
427 4468 464 4522 ad
479 4467 561 4521 Card.
578 4468 736 4536 Rampolla,
755 4479 783 4535 15
797 4468 861 4538 Jun.
879 4468 954 4533 1887.

276 4563 299 4616 3.
322 4549 379 4601 Leo
393 4548 480 4616 Xlll,
494 4549 608 4615 Encycl.
627 4548 736 4615 150cl.
754 4547 829 4615 1890.

273 4643 298 4697 4.
320 4627 473 4696 Pallottini,
488 4627 549 4680 Suc.
563 4631 590 4680 et
602 4624 714 4700 Impar,
731 4625 769 4696 11,
783 4643 806 4681 c.
821 4640 846 4699 2,
859 4643 884 4681 a.
902 4641 925 4697 1,
939 4633 970 4681 n⁰
983 4641 1026 4694 29,
1051 4643 1114 4703 pag.
1129 4625 1188 4689 280,
