3496 5482
721 544 845 595 cneur
873 542 1023 594 nortun.
1439 552 1507 621 199

245 724 380 803 patam.
422 705 518 778 Haec
548 704 585 777 in
618 703 729 778 tertio
760 729 828 776 suo
855 704 1021 802 generali
1052 731 1267 804 congressu,
1289 733 1390 784 anno
1414 713 1507 786 1868

247 827 431 903 Bruxellis
457 825 596 912 habito,
616 843 746 923 aperte
764 844 893 899 contra
911 827 1110 924 praesentia
1124 827 1295 925 gubernii
1315 829 1505 928 regimina,

243 964 373 1022 contra
401 945 586 1020 exercitus
609 945 743 1042 quibus
762 970 836 1042 pax
864 962 902 1019 et
922 946 1171 1042 tranquillitas
1199 948 1339 1022 ordinis
1371 949 1508 1024 intuto

243 1082 448 1152 servantur,
471 1081 599 1138 contra
613 1089 887 1160 quamcumque
911 1063 996 1138 dein
1012 1064 1221 1162 religiosam
1237 1066 1505 1162 professionem

244 1184 534 1281 protestationes
570 1181 701 1256 efferre
720 1199 777 1256 est
802 1182 936 1255 audita.
971 1183 1112 1257 Nonne
1130 1181 1210 1257 haec
1239 1185 1366 1258 omnia
1393 1212 1506 1260 unum

244 1321 387 1377 tantum
401 1303 545 1399 spirant
565 1301 740 1388 animum,
758 1326 832 1376 uno
844 1302 977 1376 vivunt
989 1301 1092 1378 vitali
1107 1301 1177 1377 hoc
1192 1303 1380 1380 elemento
1392 1306 1506 1380 socia·

243 1421 339 1495 lismi
357 1448 364 1495 :
383 1420 580 1495 aversione
610 1418 749 1495 scilicet
771 1445 862 1518 erga
883 1420 1090 1497 Ecclesiam
1117 1421 1268 1510 Christi,
1287 1468 1338 1479 —
1364 1424 1451 1499 odio
1470 1425 1506 1499 in

242 1538 518 1636 proprietatem,
552 1555 833 1635 —contemptu
850 1564 999 1613 summo
1016 1540 1277 1615 auctoritatis?

298 1672 332 1733 3.
353 1658 597 1755 Quantopere
629 1656 727 1731 hunc
758 1659 887 1733 vivum
917 1660 1081 1733 animum
1113 1660 1323 1749 socialismi,
1342 1688 1506 1738 commu·

247 1777 365 1863 nismi,
387 1775 562 1851 nihilismi
581 1793 618 1851 et
637 1775 907 1851 antisocialium
926 1794 1113 1852 sectarum
1135 1779 1288 1877 Europa
1307 1781 1441 1857 foverit
1469 1783 1505 1856 in

242 1912 430 1993 protracto
476 1912 616 1969 eventu
658 1893 890 1992 spoliationis
935 1893 976 1970 S.
1013 1895 1133 1984 Sedis,
1183 1897 1400 1975 incredibile
1448 1920 1506 1976 est

245 2012 355 2089 dictu.

294 2132 383 2228 Quo
419 2132 573 2207 tendere
605 2131 793 2207 debebant
825 2133 918 2208 dura
948 2133 1109 2208 servitus
1141 2151 1180 2208 et
1210 2138 1505 2236 contemptibilia

243 2248 401 2326 ludibria
420 2251 556 2349 quibus
574 2275 675 2347 saepe
707 2252 843 2349 saepius
871 2251 1036 2327 obnoxia
1068 2253 1134 2326 luit
1165 2252 1346 2330 catholica
1375 2257 1504 2357 religio

243 2370 356 2443 etiam
376 2395 397 2443 a
417 2387 522 2468 parte
541 2386 769 2467 magnatum,
791 2370 998 2467 principum
1017 2388 1054 2446 et
1073 2371 1370 2468 guberniorum?

295 2498 315 2526 “
337 2488 553 2563 Dolendum
572 2506 700 2574 est,-
716 2488 835 2585 inquit
856 2488 1099 2562 LeoXIIIin
1122 2489 1324 2588 Encyclica
1341 2492 1503 2569 desecta

241 2605 522 2694 socialistarum,
539 2605 1419 2696 communistarum,nihilistarum,-dolendum
1446 2630 1503 2687 est

243 2751 308 2799 eos
334 2726 470 2823 quibus
496 2726 704 2801 communis
735 2726 823 2800 boni
854 2751 942 2800 cura
973 2726 1200 2802 demandata
1216 2746 1283 2813 est,
1305 2729 1502 2827 impiorum

243 2843 435 2918 hominum
468 2844 658 2919 fraudibus
689 2844 964 2918 circumventos
995 2862 1033 2919 et
1069 2846 1178 2919 minis
1210 2849 1429 2944 perterritos
1465 2850 1502 2923 in

246 2963 453 3040 Ecclesiam
473 2991 621 3062 semper
648 2965 853 3062 suspicioso
872 2964 931 3040 vel
951 2965 1063 3039 etiarn
1083 2966 1211 3063 iniquo
1229 2968 1356 3042 animo
1376 2968 1500 3055 luisse,

243 3108 316 3158 non
353 3084 603 3184 intelligentes
632 3103 815 3159 sectarum
845 3103 999 3158 conatus
1032 3085 1068 3158 in
1101 3086 1243 3160 irritum
1269 3112 1449 3174 cessuros,
1470 3087 1501 3162 si

243 3202 460 3278 Catholicae
491 3203 683 3278 Ecclesiae
711 3203 888 3289 doctrina,
913 3204 1246 3301 Romanorumque
1279 3205 1500 3280 Pontificum

242 3325 452 3412 auctoritas,
474 3342 510 3398 et
530 3349 645 3422 penes
667 3324 858 3421 Principes
876 3342 914 3398 et
934 3350 1049 3421 penes
1070 3324 1238 3422 populos
1259 3324 1387 3400 debito
1406 3351 1501 3401 sem-

241 3466 309 3538 per
338 3443 373 3515 in
404 3443 546 3516 honore
578 3442 786 3516 mansisset.
821 3441 991 3517 Ecclesia
1011 3468 1171 3540 namque
1193 3443 1267 3518 Dei
1296 3443 1384 3527 vivi,
1405 3467 1502 3542 quae

241 3559 414 3634 columna
432 3579 489 3634 est
508 3579 545 3635 et
564 3560 839 3635 firmamentum
855 3561 1033 3648 veritatis,
1055 3587 1119 3635 eas
1138 3562 1326 3637 doctrinas
1345 3580 1382 3637 et
1396 3587 1500 3660 prae·

241 3697 349 3776 cepta
369 3680 489 3764 tradit,
510 3679 646 3776 quibus
671 3679 860 3752 societatis
880 3676 1123 3753 incolumitati
1142 3697 1180 3754 et
1198 3679 1314 3777 quieti
1333 3681 1500 3778 apprime

242 3799 471 3896 prospicitur,
493 3816 529 3873 et
550 3797 693 3872 nefasta
722 3798 921 3873 socialismi
950 3799 1170 3898 propagatio
1198 3798 1373 3874 radicitus
1401 3800 1500 3877 evel-

241 3914 327 3989 litur
346 3914 399 4015 (¹).
421 3917 438 3944 '¹

295 4031 345 4105 Et
364 4033 410 4105 ad
431 4032 541 4107 Card.
567 4033 669 4107 Nina
688 4033 835 4130 scripsit
854 4033 952 4106 idem
976 4034 1173 4108 Pontifex:

294 4161 314 4187 “
334 4149 585 4224 Violationem
607 4151 738 4225 iurium
754 4176 943 4225 sacrorum
965 4152 1075 4226 Sedis
1088 4151 1340 4249 Apostolicae,
1363 4153 1499 4227 Roma·

242 4271 353 4368 nique
388 4271 577 4344 Pontificis
606 4273 693 4349 bono
713 4272 1059 4370 tranquz'llz'tulique
1079 4273 1304 4369 populorum
1334 4274 1501 4371 opprime

240 4389 387 4484 officere.
411 4391 547 4464 Vicarii
567 4391 705 4466 Christi
726 4417 884 4488 persona
910 4392 1061 4490 impune
1079 4390 1220 4478 violari,
1240 4391 1500 4489 antiquissima

241 4529 278 4582 et
307 4511 556 4584 sacratissima
588 4512 676 4598 iura,
706 4512 790 4586 idea
821 4512 908 4586 iuris
937 4530 975 4587 et
1006 4511 1167 4586 iustitiae
1193 4511 1375 4608 profunde
1399 4513 1498 4609 apud

244 4654 295 4660 ...-
600 4659 613 4663 -
629 4656 951 4664 .—.-.-.—-—½,-

280 4722 300 4759 1.
323 4708 428 4777 Encyc.
444 4709 529 4777 Quod
538 4711 565 4763 Α
566 4713 639 4779 post.
653 4710 747 4779 Mun„
761 4726 796 4765 20
809 4713 879 4768 Dec.
897 4711 971 4776 1878.
