3496 5482
943 480 1002 488 ----
1009 477 1499 491 ...m-..m

244 533 317 600 260
650 547 743 597 Pnrn
769 546 827 597 sta
857 545 931 594 unx
960 546 1088 596 noun.

625 650 858 657 .-...--...-
869 651 1043 656 ....---.,-,...
1094 645 1497 659 -,-....-υ-----

243 707 454 784 “Ecclesia
480 727 608 806 posset
636 708 788 783 utiliori
816 709 958 781 ratione
985 733 1119 782 vacare
1145 707 1427 782 sanctificationi
1458 723 1499 782 et

241 826 350 903 saluti
369 826 596 901 animarum!
616 825 633 854 ”

296 955 451 1031 Diceres
473 951 681 1028 Ecclesiam
699 969 738 1028 et
759 952 958 1029 Pontifices
978 951 1081 1029 velut
1112 953 1322 1028 obcaecatos
1351 970 1500 1027 terrena

243 1073 400 1149 utilitate
419 1071 524 1147 istius
546 1070 724 1157 Dominii,
746 1071 858 1169 idque
887 1072 992 1147 unice
1019 1089 1191 1147 curantes
1212 1089 1250 1145 ut
1271 1072 1496 1158 restituatur,

241 1217 325 1267 cum
343 1191 467 1290 potius
495 1206 629 1265 noceat
647 1215 758 1288 quam
777 1190 895 1287 prosit
913 1190 1195 1265 sanctificationi
1227 1207 1265 1266 et
1291 1188 1400 1264 saluti
1420 1188 1499 1263 ani·

243 1335 384 1386 marum
399 1309 406 1384 l

295 1436 473 1513 Ecclesiae
492 1452 617 1511 autem
637 1454 674 1510 et
695 1434 886 1510 Pontificis
906 1435 1105 1511 infallibilis
1124 1437 1203 1511 haec
1228 1454 1286 1512 est
1314 1435 1500 1510 doctrina:

245 1568 264 1598 ‘⁴
286 1555 416 1632 Civilis
435 1553 474 1629 S.
497 1555 606 1629 Sedis
627 1553 859 1650 Principatus
878 1557 1140 1653 agnoscendus
1171 1572 1229 1631 est
1257 1573 1297 1628 ut
1330 1577 1501 1628 necessa·

243 1676 327 1763 rius,
349 1703 371 1750 a
398 1676 482 1749 Deo
502 1673 697 1748 manifeste
716 1675 917 1759 institutus,
944 1696 1095 1772 propter
1113 1698 1322 1750 nurunuuu
1341 1673 1499 1749 liberum

243 1797 421 1896 regimen,
442 1794 490 1868 ad
509 1794 609 1892 quod
628 1793 782 1869 omnino
801 1794 1010 1892 requiritur.
1032 1795 1050 1822 ”

294 1924 371 1999 Sed
391 1923 513 2020 pergit
532 1922 676 1995 Auctor
694 1939 822 1997 noster
839 1922 981 1996 eisdem
1001 1922 1188 1996 erroribus
1207 1921 1409 1996 insistens:

293 2048 346 2151 A)
370 2049 606 2124 Restauratio
630 2047 748 2122 civilis
779 2048 1010 2145 Principatus
1031 2047 1068 2123 S.
1091 2048 1201 2123 Sedis
1221 2075 1242 2123 a
1260 2049 1387 2123 divina
1409 2048 1498 2123 Pro-

244 2167 409 2245 videntia
428 2168 584 2242 fortasse
610 2191 683 2241 non
708 2165 784 2252 fiet,
808 2185 953 2241 attento
979 2166 1024 2264 a)
1042 2167 1143 2265 quod
1163 2166 1333 2242 homines
1353 2167 1500 2264 possint

244 2315 290 2366 eo
303 2313 377 2363 non
397 2305 497 2362 recte
516 2286 578 2372 uti,
592 2303 629 2359 et
644 2283 686 2383 b)
700 2286 799 2383 quod
814 2286 1043 2383 dependens,
1060 2311 1127 2383 pro
1141 2286 1198 2359 sui
1213 2286 1501 2362 conservatione

244 2435 266 2482 a
284 2403 532 2506 potestatibus
550 2400 720 2478 civilibus
741 2401 921 2478 Ecclesiae
941 2403 1104 2490 infensis,
1119 2403 1204 2479 huic
1223 2405 1347 2503 potius
1367 2420 1501 2478 noceat

245 2550 356 2625 quam
377 2523 503 2621 prosit.

298 2648 345 2751 Β)
362 2649 477 2723 Forte
489 2647 616 2721 divina
630 2647 869 2723 Providentia
885 2649 920 2722 in
936 2648 1044 2723 novis
1058 2649 1344 2736 conditionibus,
1359 2648 1396 2722 in
1407 2672 1503 2746 quas

245 2769 451 2869 ingreditur
469 2767 630 2840 humana
657 2766 825 2851 societas
845 2766 917 2841 alio
940 2768 1063 2865 potius
1091 2767 1217 2842 medio
1243 2793 1355 2866 quam
1381 2765 1502 2842 civilis

249 2887 490 2984 Principatus,
521 2910 588 2981 pro
617 2910 683 2957 sua
715 2885 885 2960 Ecclesia
915 2904 1054 2974 utetur;
1073 2906 1110 2961 et
1139 2887 1208 2961 erit
1234 2912 1372 2962 novum
1401 2883 1500 2959 istud

247 3007 410 3082 medium
429 3021 486 3078 sat
505 3004 731 3099 expeditum,
754 3004 828 3077 imo
844 3006 963 3103 magis
982 3025 1109 3101 aptum
1129 3005 1175 3078 ad
1195 3005 1402 3078 animarum
1417 3028 1501 3076 san-

245 3123 517 3207 ctificationem,
538 3147 622 3219 quae
642 3121 770 3195 unicus
790 3141 846 3196 est
869 3121 1047 3196 Ecclesiae
1068 3122 1161 3196 finis

297 3249 412 3348 Erg0,
433 3248 521 3320 dum
544 3246 717 3321 Pontifex
736 3273 818 3322 cum
841 3247 1010 3321 Ecclesia
1036 3250 1149 3323 instat
1168 3248 1401 3345 proclamans
1415 3249 1503 3346 jura

246 3393 313 3441 sua
344 3390 456 3463 super
483 3365 582 3438 civili
608 3364 678 3438 hoc
701 3365 924 3463 principatu,
945 3384 982 3440 et
1014 3367 1062 3441 de
1093 3391 1139 3440 eo
1165 3367 1298 3441 asserit
1329 3391 1413 3441 esse
1430 3365 1503 3440 sibi

248 3484 497 3560 necessarium
527 3484 563 3557 in
591 3484 765 3580 praesenti
794 3509 914 3557 rerum
944 3503 1042 3558 statu
1062 3510 1130 3582 pro
1151 3485 1250 3559 bono
1268 3502 1306 3559 et
1324 3483 1505 3583 expedito

249 3625 463 3678 sumtuum
483 3601 673 3700 regimine,
689 3619 817 3675 auctor
832 3626 906 3676 non
920 3603 1040 3676 solum
1055 3602 1201 3676 dubitat
1215 3603 1263 3677 de
1281 3605 1363 3701 ejus
1379 3627 1506 3676 neces-

248 3722 368 3807 sitate,
389 3721 521 3795 iisdem
539 3720 825 3794 circumstantiis
844 3721 1031 3817 spectatis,
1051 3721 1118 3795 sed
1137 3721 1249 3795 audet
1268 3721 1439 3795 dubitare
1456 3744 1506 3793 an

247 3839 384 3914 sithoc
404 3838 567 3912 medinm
585 3838 709 3935 potius
728 3837 881 3912 noxium
900 3865 1012 3936 quam
1033 3838 1121 3913 utile
1136 3858 1173 3913 et
1186 3856 1287 3913 certe
1304 3863 1378 3912 non
1390 3837 1506 3934 aptis·

248 3958 381 4031 simum
402 3956 449 4029 ad
467 3956 791 4030 conservationem
810 3973 848 4031 et
865 3956 1184 4054 dispensationem
1200 3956 1390 4057 religionis
1405 3954 1505 4031 etad
1526 4012 1528 4018 Α

250 4073 581 4149 sanctificationem
601 4073 817 4162 animarum,
835 4075 898 4172 qui
917 4092 976 4149 est
994 4075 1124 4149 unicus
1145 4074 1324 4150 Ecclesiae
1343 4073 1439 4149 finis.

303 4201 345 4275 Si
363 4199 498 4274 saecula
516 4200 813 4275 intercessissent
833 4201 928 4274 inter
943 4201 1037 4276 hanc
1051 4201 1307 4277 definitionem
1324 4199 1507 4275 Ecclesiae

253 4340 290 4395 et
308 4320 470 4392 auctoris
488 4319 841 4407 animadversiones,
862 4338 900 4393 et
919 4344 1017 4394 nova
1035 4346 1187 4418 prorsus
1205 4320 1370 4394 conditio
1389 4318 1508 4393 socie·

252 4441 338 4514 tatis
368 4437 840 4534 humanaeflintervenisset
868 4456 955 4511 tunc
984 4439 1152 4535 prolecto
1187 4463 1261 4512 non
1293 4438 1513 4512 viderentur

252 4575 328 4632 tam
347 4556 510 4630 absonae.
531 4555 608 4629 Sed
633 4582 715 4630 cum
748 4556 936 4631 societatis
955 4557 1053 4632 idem
1073 4574 1289 4655 perseveret
1307 4575 1444 4641 status,
1473 4572 1514 4630 et

256 4676 429 4747 hesterna
450 4674 523 4746 imo
543 4673 733 4759 hodierna,
754 4676 802 4748 sit
824 4673 1004 4749 Ecclesiae
1018 4675 1170 4762 decisio,
1191 4700 1303 4750 nemo
1322 4699 1397 4750 non
1410 4671 1516 4747 videt
