3496 5482
496 532 618 583 CAPUT
645 531 824 581 DECIMUM
852 529 1050 594 QUARTUM.
1334 531 1403 602 321

111 743 113 748 -
146 717 230 790 quae
245 692 281 765 in
293 691 493 766 eventibus
506 689 803 765 modificationes
816 688 942 787 magni
957 688 1137 763 momenti
1148 713 1408 787 praeparavete

146 825 185 883 et
203 834 248 882 ea
266 833 313 884 ex
331 806 467 906 quibus
486 807 672 906 praecipue
692 804 742 880 illi
761 824 920 881 eventus
939 806 1147 903 praesentiti
1166 803 1409 906 poterant(¹).

151 926 253 1001 Hinc
271 943 400 1000 auctor
431 925 607 1026 egregius
640 925 676 997 in
704 922 774 998 hoc
805 924 924 998 cernit
955 924 1180 1022 praecipuam
1210 923 1409 999 utilitatem

147 1044 314 1119 scientiae
333 1044 530 1130 historicae,
544 1059 584 1117 ut
609 1068 654 1117 ex
671 1041 778 1116 lactis
802 1060 840 1116 et
858 1042 977 1141 gestis
1002 1042 1200 1140 praeteritis
1214 1041 1410 1118 collective

147 1162 324 1260 inspectis
342 1162 529 1259 possimus
548 1161 799 1258 conjecturam
815 1161 962 1235 trahere
974 1186 1042 1259 pto
1063 1159 1261 1235 eventibus
1276 1160 1410 1238 futuris

148 1297 263 1378 atque
278 1279 431 1355 moralia
458 1295 647 1377 praecepta
663 1277 850 1352 deducere
871 1275 924 1379 (²).

198 1413 231 1475 3.
251 1397 315 1473 Ab
337 1398 508 1473 Historia
521 1422 613 1497 ergo
632 1413 761 1495 petere
779 1395 864 1470 licet
884 1396 972 1493 quid
993 1396 1052 1482 sit,
1073 1420 1149 1493 quo
1168 1395 1332 1471 humana
1352 1423 1410 1472 so·

147 1517 263 1591 cietas
282 1516 388 1590 inniti
414 1516 552 1590 debeat
570 1534 610 1589 ut
639 1514 779 1588 lruatut
808 1513 937 1587 divino
956 1512 1019 1587 illo
1037 1539 1079 1586 ac
1099 1512 1208 1587 firmo
1227 1539 1412 1590 concursu

152 1634 402 1712 Providentiae
420 1643 440 1673 “
459 1658 544 1732 quae
562 1632 733 1707 ordinem
753 1631 970 1729 perturbare
989 1647 1093 1705 vetat
1117 1649 1156 1705 et
1187 1657 1412 1709 conservare

144 1750 254 1852 jubet
270 1752 288 1779 ’⁹
307 1751 322 1826 ?
345 1751 538 1850 inquirere
556 1775 651 1848 opus
669 1767 726 1825 est
751 1750 940 1847 quodnam
969 1748 1069 1823 enim
1088 1749 1309 1846 principium
1332 1751 1368 1824 N
1373 1777 1412 1824 u·

150 1896 235 1946 men
259 1869 354 1944 lllud
374 1871 599 1968 Supremum
619 1868 784 1965 posuerit
804 1869 841 1941 in
856 1867 927 1942 hoc
945 1866 1085 1941 mundo
1100 1867 1147 1941 ad
1164 1867 1307 1943 firmam
1327 1869 1412 1944 soli·

150 1990 313 2088 demque
346 1989 673 2065 conservationem
725 1988 916 2064 societatis
958 1986 1132 2063 humanae
1167 1990 1414 2089 ejusdemque

152 2135 374 2209 progressus
393 2110 473 2185 veri
492 2111 507 2184 ?

205 2230 255 2304 Et
274 2230 405 2328 primo,
414 2230 566 2328 reperiri
582 2254 657 2303 non
672 2245 797 2327 potest
817 2227 1060 2303 fortissimum
1080 2227 1150 2304 hoc
1171 2230 1362 2306 munimen
1376 2231 1413 2304 in

150 2348 349 2423 satiatione
376 2348 609 2446 appetituum
642 2371 763 2444 neque
783 2345 819 2419 in
839 2345 1097 2444 philosophica
1123 2347 1267 2422 tatione
1296 2347 1414 2424 homi·

153 2490 242 2539 num
262 2465 337 2541 sed'
362 2465 398 2569 in
422 2465 615 2563 agnitione
645 2463 792 2562 publica
828 2463 936 2539 unius
972 2464 1052 2540 veri
1071 2464 1247 2539 Numinis
1283 2466 1411 2542 divini.

204 2584 256 2658 Et
281 2609 320 2658 re
344 2584 495 2682 quidem
521 2609 611 2658 vera
629 2609 636 2656 :
652 2581 888 2681 Respublicae
912 2601 1027 2680 atque
1045 2606 1202 2681 regnaa
1226 2583 1414 2659 violentiis

152 2718 265 2800 atque
279 2701 367 2776 dolo
384 2719 509 2776 ortum
528 2701 721 2785 habentes,
743 2701 1020 2776 constituuntur
1033 2725 1075 2774 ac
1096 2700 1209 2775 fluere
1224 2700 1347 2777 solent
1365 2729 1412 2778 ex

152 2818 309 2894 aliorum
337 2817 487 2918 spoliis:
507 2843 637 2894 cruore
660 2819 745 2893 hinc
774 2818 910 2894 civium
931 2836 969 2894 et
992 2819 1154 2894 hostium
1177 2818 1251 2894 late
1281 2820 1410 2909 effuso,

151 2938 223 3012 alia
241 2938 321 3013 aliis
335 2938 529 3014 indefinite
559 2939 772 3013 succedunt.
799 2938 920 3013 lmmo
940 2939 1069 3013 rabida
1087 2965 1134 3013 eo
1153 2938 1212 3014 vel
1233 2940 1353 3039 magis
1371 2941 1412 3015 fit

153 3055 364 3132 sollicitudo
391 3075 430 3132 et
451 3081 580 3156 angor,
598 3082 673 3155 quo
687 3058 772 3154 quis
789 3057 984 3155 quaevisve
1011 3057 1171 3132 societas
1200 3056 1271 3131 sibi
1307 3057 1413 3156 plura

152 3175 397 3250 coacervavit.
423 3173 559 3248 Nullus
579 3174 692 3248 homo
706 3173 923 3273 singillatim
939 3199 1007 3249 nec
1023 3173 1097 3249 ulla
1115 3174 1307 3249 hominum
1321 3175 1412 3251 mul·

154 3293 274 3368 titudo
303 3293 505 3367 universim
537 3291 686 3367 vinculo
716 3291 849 3366 luroris
871 3292 908 3365 in
928 3318 1042 3366 unum
1061 3292 1236 3368 devincta
1253 3295 1411 3393 gradum

152 3412 295 3496 sistere,
317 3411 482 3508 quietem
508 3436 551 3484 ac
574 3436 704 3508 pacem
725 3411 895 3486 invenire
913 3412 982 3485 scit
1000 3437 1043 3486 ac
1062 3410 1172 3498 valet,
1192 3411 1260 3486 nisi
1292 3431 1412 3488 totum

153 3528 312 3627 quisque
332 3528 511 3602 mundum
525 3528 728 3626 possideat.

151 3647 153 3651 ’
206 3655 226 3684 “
250 3645 363 3731 Hinc,
390 3671 459 3743 pro
488 3646 525 3719 vi
545 3664 583 3719 et
599 3645 732 3719 luroris
747 3645 956 3743 quantitate
977 3643 1201 3742 respublicae
1230 3670 1273 3720 ac
1298 3671 1414 3745 tegna

152 3764 292 3861 passim
337 3764 538 3838 variantur.
569 3763 745 3848 Primum,
775 3763 934 3861 Assyrii,
970 3762 1087 3850 Medi,
1142 3783 1256 3862 atque
1291 3765 1416 3840 Persae

153 3879 349 3979 imperium
386 3897 540 3956 tenent:
573 3880 660 3955 exin
711 3880 887 3979 AEgyptii
923 3899 961 3956 et
997 3880 1121 3956 Graeci
1164 3880 1414 3958 dominantur.

157 3998 352 4072 Proximos
379 3998 569 4096 totiusque
585 3998 703 4074 ltaliae
728 3998 856 4073 hostes
872 3999 1073 4099 profligant
1094 4000 1255 4074 Romani
1276 4020 1313 4075 et
1333 4019 1414 4075 tan·

154 4118 239 4190 dem
254 4116 484 4218 Carthagine
503 4117 564 4192 illa
575 4117 854 4203 succumbente,
865 4118 987 4191 Roma
1005 4143 1118 4215 supra
1135 4144 1268 4194 omnes
1281 4122 1410 4195 mundi

154 4235 334 4320 civitates,
344 4234 503 4333 populos
522 4253 741 4332 ceterasque
759 4253 895 4334 gentes
908 4253 1019 4333 caput
1034 4235 1157 4312 effert.

207 4363 227 4391 ‘⁴
246 4354 444 4451 Appetitio
476 4378 577 4453 ergo,
590 4354 763 4428 sensibus
779 4354 892 4429 etiam
905 4354 1090 4429 horrende
1109 4356 1411 4453 obstupentibus,

156 4519 333 4530 z-..-

196 4615 216 4654 ι.
232 4602 363 4668 Bossuet,
375 4600 451 4656 Dirc.
465 4618 517 4654 sur
529 4600 616 4654 l'lrist.
631 4602 723 4669 univ„
738 4602 783 4655 111
799 4617 835 4671 p,
849 4601 893 4654 ch.
909 4615 923 4653 2
943 4611 972 4655 et
984 4601 1007 4656 8.

193 4695 217 4734 2.
232 4680 343 4749 Liagre‚
355 4680 446 4734 Essai
455 4696 508 4734 sur
525 4681 555 4734 la
561 4679 666 4751 philos.
681 4681 714 4733 de
726 4679 812 4735 l’ltr'st.

209 4800 269 4852 Papa
282 4799 310 4842 sit
323 4813 360 4841 rex
374 4800 458 4843 Rome,
