3496 5482
474 493 643 502 --—-----.
679 497 682 501 .

1264 493 1493 502 Μ

695 562 816 614 cneus
843 562 1031 614 oacruun.
1424 557 1493 629 235

294 733 314 761 ‘⁴
342 723 429 797 Hoc
448 723 546 798 enim
565 724 649 821 quis
669 723 861 799 lerendum
880 743 996 824 putet,
1017 750 1077 798 res
1091 724 1286 821 permagni
1305 716 1496 801 momenti,

241 867 323 916 cum
340 860 528 941 potestate
540 844 730 919 Pontificis
747 844 916 929 Maximi,
933 870 1016 919 cum
1030 844 1109 942 ipsa
1127 840 1321 941 apostolici
1336 834 1498 911 muneris

239 961 410 1037 libertate
451 964 651 1062 copulatas,
677 965 853 1038 audacter
880 964 928 1037 ad
952 989 1059 1037 suum
1089 986 1265 1038 revocare
1293 955 1497 1039 arbitrium,

239 1080 461 1179 publiceque
493 1082 683 1157 diiudicari
702 1083 750 1157 ab
769 1082 920 1158 homine
941 1083 1093 1179 quidem
1105 1086 1262 1179 privato,
1284 1075 1382 1152 nulla
1395 1072 1444 1147 ad
1463 1069 1499 1144 id

240 1201 458 1276 auctoritate
485 1201 690 1298 praedito?

226 1349 229 1355 '
293 1333 456 1431 “Atqui
485 1334 532 1407 ab
565 1335 647 1431 ipso
681 1334 861 1409 Pontifice
886 1334 1049 1408 iudicata
1075 1358 1207 1407 caussa
1237 1349 1317 1405 est:
1339 1328 1370 1401 is
1399 1325 1500 1399 enim

251 1451 398 1546 quidet
428 1455 567 1528 sentire
596 1472 740 1528 ceteros
760 1463 920 1551 oporteat
938 1478 1011 1526 non
1044 1450 1160 1527 semel
1187 1473 1308 1547 neque
1343 1446 1501 1520 obscure

244 1567 478 1667 significavit.

294 1705 315 1734 ‘⁴
348 1696 444 1772 lllud
462 1724 552 1775 vero
570 1701 689 1800 magis
708 1725 888 1799 arrogans
907 1700 1101 1798 magisque
1120 1712 1501 1795 praeposterumcon·

248 1814 331 1889 silia
350 1840 472 1890 rerum
490 1819 740 1916 gerendarum
760 1818 1033 1916 dare,Sedique
1047 1814 1289 1915 Apostolicae
1307 1812 1396 1911 quid
1408 1810 1501 1907 opti·

243 1959 344 2008 mum
373 1933 471 2009 lactu
489 1936 547 2022 sit,
567 1936 665 2011 velle
682 1938 891 2012 ostendere.

298 2073 320 2101 “
338 2063 440 2137 Sane
460 2064 644 2139 eiusmodi
657 2065 949 2163 disputationum
965 2065 1037 2139 huc
1056 2063 1132 2138 lere
1150 2087 1296 2137 summa
1314 2056 1419 2144 redit,
1440 2083 1503 2132 ex·

243 2183 371 2278 pedire
412 2202 524 2280 atque
551 2183 639 2258 utile
657 2210 752 2269 esse,
772 2186 902 2259 sedate
923 2184 1007 2258 Nos
1034 2199 1239 2280 pacateque
1266 2177 1503 2275 acquiescere

244 2302 354 2375 rebus
389 2303 496 2379 novis
514 2327 557 2376 ac
576 2302 818 2399 temporibus.
840 2302 989 2377 Scilicet
1003 2301 1104 2399 quod
1123 2317 1180 2374 est
1211 2324 1277 2397 per
1304 2297 1380 2370 vim
1411 2294 1502 2369 iniu-

246 2421 411 2515 riamque
435 2438 569 2502 actum,
592 2421 627 2494 id
656 2441 836 2519 cuperent
858 2423 1000 2497 Nostra
1030 2419 1109 2494 fieri
1134 2417 1326 2495 voluntate
1357 2430 1503 2499 ratum;

245 2538 398 2635 perinde
436 2565 478 2613 ac
510 2540 662 2614 minime
693 2539 860 2637 liqueret,
890 2540 985 2614 hanc
1014 2563 1135 2613 rerum
1168 2535 1431 2618 conditionem,
1465 2533 1502 2605 in

243 2682 354 2753 quam
387 2657 450 2730 diu
477 2658 743 2754 compellimur,
767 2660 920 2733 omnino
939 2684 1023 2732 esse
1041 2675 1079 2732 et
1097 2681 1119 2729 a
1137 2654 1320 2754 dignitate
1342 2649 1503 2724 Romani

247 2776 435 2850 Pontificis
467 2775 625 2850 alienam
649 2795 686 2852 et
700 2804 811 2852 verae
842 2779 921 2852 eius
950 2775 1109 2851 libertati
1147 2788 1430 2872 repugnantem,
1452 2769 1503 2842 ita

244 2895 394 2991 quidem
415 2913 548 2968 utnon
569 2895 668 2968 illam
687 2898 866 2994 accipere,
888 2896 954 2971 sed
976 2894 1118 2992 perpeti
1140 2891 1364 2966 necessitate
1383 2888 1501 2962 coacti

244 3014 459 3088 debeamus.
476 3012 494 3038 '⁹

296 3140 466 3236 Scriptor
484 3157 608 3215 autem
628 3142 796 3237 opusculi
817 3161 895 3217 erat
916 3143 1128 3240 Episcopus
1148 3136 1424 3222 Cremonensis,
1446 3134 1499 3208 111.

204 3244 207 3250 ’
248 3259 295 3333 D.
317 3258 535 3343 Bonomelli,
557 3260 630 3354 qui,
646 3282 801 3356 accepto
821 3259 1143 3336 condemnationis
1170 3282 1248 3330 suae
1267 3254 1406 3337 nuntio,
1424 3279 1501 3328 mo-

246 3379 375 3452 destiae
385 3376 578 3451 Fenelonii
595 3379 830 3465 aemulus‚die
848 3381 1049 3464 Paschatis,
1068 3372 1266 3472 21Aprilis,
1285 3371 1500 3446 cathedram

247 3495 426 3570 Ecclesiae
445 3521 522 3569 suae
541 3497 719 3582 ascendit,
736 3517 773 3571 et
792 3524 916 3572 coram
936 3495 1107 3594 capitulo,
1124 3492 1233 3577 cler0,
1253 3494 1325 3567 280
1342 3491 1500 3564 semina·

245 3616 342 3689 ristis
373 3614 624 3711 universoque
656 3614 804 3711 popu10,
826 3618 872 3691 ad
905 3617 1087 3713 lacrymas
1124 3636 1241 3709 usque
1278 3626 1497 3694 commotus,

243 3760 327 3808 sese
350 3749 540 3806 auctorem
576 3734 743 3829 opusculi
772 3735 936 3809 damnati
966 3733 1121 3832 agnovit
1140 3748 1178 3804 et
1196 3726 1344 3826 publice
1374 3744 1497 3801 actum

243 3850 501 3926 submissionis
520 3876 596 3923 suae
610 3851 751 3948 judicio
773 3853 963 3927 Pontificis
985 3850 1143 3925 Maximi
1163 3846 1263 3946 legit.

295 3983 536 4077 Quapropter
553 4000 590 4055 et
610 3982 744 4057 meruit
766 4008 812 4076 ²9
825 3986 904 4084 jam
932 3984 1101 4083 ejusdem
1133 3977 1271 4052 mensis
1290 3974 1496 4051 consolato-

244 4103 315 4175 rias
335 4127 355 4172 a
375 4099 582 4173 Sanctitate
607 4099 684 4173 Sua
711 4103 878 4200 accipere
901 4103 1042 4178 litteras
1075 4095 1269 4194 inquibus
1303 4095 1398 4168 inter
1425 4093 1497 4167 alia

243 4219 401 4317 legimus
419 4244 426 4290 :
441 4228 461 4255 ‘⁸
478 4216 640 4313 Oportet
660 4219 695 4291 in
716 4223 869 4318 negotio
888 4240 962 4296 tam
976 4219 1081 4320 gravi
1101 4213 1280 4317 (Romani
1301 4211 1496 4286 Pontifica-

244 4337 319 4438 tus)
340 4362 413 4409 non
433 4334 606 4408 iudicium
627 4361 674 4410 ex
693 4340 839 4412 eventis
859 4366 981 4416 rerum
1001 4333 1240 4413 mutabilibus
1269 4331 1398 4416 lacere,
1428 4332 1493 4405 sed

244 4474 413 4553 repetere
436 4452 546 4525 altius
579 4455 750 4542 rationes,
773 4459 945 4556 serioque
975 4454 1207 4556 perpendere
1238 4448 1327 4546 quid
1357 4448 1495 4523 iustitia

244 4570 511 4672 postulet,quid
524 4570 864 4668 SediApostolicae
884 4578 930 4650 ad
942 4577 1110 4651 divinum
1130 4594 1238 4644 suum
1252 4592 1385 4640 munus
1398 4565 1495 4640 desi·

243 4688 525 4785 deretur.Quod
541 4691 639 4763 enim
659 4716 772 4788 saepe
786 4694 957 4783 diximus,
966 4694 1190 4792 saepiusque
1208 4703 1266 4762 est
1284 4683 1494 4774 dicendum,
