3496 5482
144 472 492 484 —-..---——-——--

569 533 690 584 cneus
719 532 967 584 unnacmun.
1329 533 1400 607 255

144 646 368 656 ——-—-.---—

139 676 270 772 etenus
284 699 433 771 unicum
449 720 524 793 quo
538 697 585 767 ad
600 696 790 780 tuendam,
808 709 847 765 ut
862 695 980 777 decet,
1001 693 1259 766 Romanorum
1277 693 1403 768 Ponti·

140 817 250 892 ficum
282 815 505 902 libertatem,
525 814 654 889 divina
688 810 933 888 Providentia
960 836 1028 885 usa
1047 829 1115 898 est,
1150 810 1314 886 medium
1335 810 1404 886 suit

144 934 378 1032 Principatus
397 960 526 1010 eorum
546 934 683 1033 regius.
705 933 723 961 ”

192 1051 387 1148 Quasnam
406 1078 498 1152 ergo
526 1052 657 1128 afferet
676 1051 790 1126 homo
822 1049 1056 1149 objectiones
1075 1048 1135 1124 vel
1165 1063 1403 1148 argumenta·

141 1171 272 1258 tiones,
293 1188 334 1244 ut
352 1170 389 1245 in
409 1171 611 1268 perfectam
637 1168 791 1245 tutelam
810 1168 993 1244 libertatis
1013 1168 1053 1243 S.
1079 1167 1191 1242 Sedis
1210 1166 1292 1244 loco
1315 1168 1404 1243 Pro·

141 1287 319 1365 videntiae
337 1314 424 1362 suas
443 1288 626 1363 humanas
644 1287 847 1362 substituat
867 1286 1105 1361 inventiones
1123 1285 1137 1360 ?

191 1421 225 1482 6.
253 1406 441 1505 Objicitur
460 1407 623 1482 medium
643 1406 724 1494 hoc,
741 1403 957 1503 temporalis
974 1404 1207 1502 Principatus
1220 1423 1258 1480 et
1275 1405 1406 1480 immu-

143 1524 269 1599 nitatis
287 1524 335 1597 ab
354 1523 426 1598 alio
444 1524 639 1623 gubernio,
661 1548 736 1598 non
764 1522 928 1621 amplius
965 1548 1051 1597 esse
1071 1524 1322 1599 necessarium
1343 1548 1407 1599 no·

143 1661 220 1718 stra
235 1660 356 1728 aetate,
377 1643 583 1740 praesertim
599 1659 753 1740 propter
765 1658 927 1716 mutatas
941 1639 1098 1716 sociales
1117 1641 1351 1718 conditiones
1370 1642 1407 1715 in

143 1761 213 1837 hac
231 1761 418 1836 civilitatis
437 1759 519 1836 luce
537 1779 576 1836 et
594 1761 631 1835 in
650 1759 776 1836 liberis
794 1759 989 1836 hominum
1016 1759 1210 1860 guberniis
1229 1760 1407 1835 constitu·

145 1878 357 1955 tionalibus.
850 1966 852 1973 Ι

197 1997 509 2095 Respondemus:
529 1997 571 2071 Si
590 1995 741 2094 quando
756 2020 825 2093 pro
837 1982 937 2071 bono
954 1995 1136 2095 regimine
1155 1995 1270 2070 totius
1289 1994 1405 2070 Orbis

147 2114 326 2190 Ecclesiae
348 2115 592 2191 Pontificibus
627 2114 812 2190 Romanis
840 2114 908 2189 tuit
926 2115 1045 2189 civilis
1080 2114 1312 2211 Principatus
1345 2137 1408 2188 ne·

144 2233 339 2320 cessarius,
360 2232 420 2307 hic
439 2233 607 2331 profecto
627 2231 710 2306 talis
729 2250 787 2307 est
807 2233 843 2306 in
865 2233 1051 2332 praesenti,
1068 2251 1222 2331 propter
1240 2251 1408 2330 systema

144 2352 412 2427 dominationis
431 2348 576 2425 socialis
596 2374 693 2422 nunc
723 2349 899 2448 vigentis.
922 2351 1051 2425 Hodie
1071 2350 1172 2426 enim
1192 2348 1272 2423 haec
1291 2350 1408 2425 domi-

147 2471 250 2545 natio
269 2487 388 2543 status
407 2492 519 2565 super
537 2465 730 2540 individua
749 2466 831 2541 talis
851 2485 918 2550 est,
940 2484 980 2540 ut
1004 2465 1129 2542 valeat
1149 2467 1280 2543 horum
1301 2468 1408 2542 liber·

146 2605 262 2662 tatem
279 2587 527 2684 undequaque
546 2608 718 2659 coercere
736 2601 774 2658 et
805 2583 1038 2682 extinguere.
1063 2584 1204 2659 Omnia
1234 2601 1322 2659 sunt
1339 2584 1410 2658 sub
1507 2599 1509 2602 ’

146 2705 403 2780 dominatione
446 2721 576 2788 status,
622 2726 849 2799 omnemque
885 2700 1127 2798 peculiarium
1165 2727 1411 2800 personarum

147 2841 272 2921 potest
303 2822 532 2896 activitatem
552 2820 742 2917 impedire,
769 2819 870 2917 quod
903 2820 1086 2894 anteactis
1114 2820 1345 2917 temporibus
1365 2846 1413 2896 ne

146 2942 301 3040 cogitari
321 2939 471 3038 quidem
491 2955 647 3036 poterat.
669 2938 758 3034 Jure
777 2938 933 3034 proinde
962 2938 1212 3012 necessarium
1232 2938 1406 3027 creditur,

148 3060 249 3158 quod
264 3058 396 3132 saltem
410 3080 605 3153 supremus
621 3055 832 3130 christianae
848 3055 1293 3154 ReligionisModerator
1305 3081 1413 3130 occu·

148 3193 212 3274 pet
230 3175 363 3261 locum,
385 3175 421 3248 in
441 3199 516 3270 quo
547 3190 649 3247 tutus
677 3173 725 3247 sit
744 3173 793 3247 ab
820 3173 892 3247 hoc
924 3173 1108 3250 immenso
1144 3192 1264 3249 status
1296 3173 1414 3247 civilis

149 3294 316 3392 pondere
334 3311 516 3392 gravante
537 3290 756 3376 Ecclesiam,
786 3309 824 3366 et
842 3308 957 3388 queat
988 3289 1085 3366 hanc
1107 3290 1337 3391 spiritualem
1356 3316 1414 3366 so·

149 3412 324 3487 cietatem
344 3435 484 3510 regere,
506 3436 591 3483 cum
620 3409 699 3506 ipse
718 3409 766 3483 sit
795 3434 947 3508 quoque
966 3410 1085 3486 civilis
1118 3412 1230 3512 hujus
1258 3411 1329 3488 loci
1361 3437 1415 3488 re·

151 3549 231 3607 ctor
251 3529 304 3631 (¹).

202 3649 450 3749 -Objicitur
467 3674 474 3720 :
493 3664 575 3721 esto
588 3664 627 3720 ut
642 3646 860 3721 exercitium
875 3645 1124 3724 immunitatis
1142 3649 1304 3724 Romani
1322 3651 1416 3724 Pon·

152 3768 260 3842 tificis
279 3767 326 3840 sit
345 3767 392 3848 de
406 3766 491 3863 jure
522 3790 588 3839 seu
607 3783 797 3863 praecepto
826 3765 967 3852 divino,
989 3767 1147 3842 naturali
1166 3796 1173 3855 ;
1205 3785 1264 3843 est
1292 3785 1416 3843 tamen

154 3906 298 3960 tantum
316 3885 365 3957 de
378 3885 463 3982 jure
479 3883 635 3957 naturali
650 3883 882 3969 secundari0,
899 3884 987 3981 quia
1002 3903 1148 3960 nonest
1164 3885 1415 3960 necessarium

156 4003 336 4078 Ecclesiae
349 4002 473 4099 quoad
493 4027 598 4076 suam
613 4001 826 4087 essentiam,
844 4002 911 4076 sed
931 4020 1077 4077 tantum
1092 4003 1291 4079 secundum
1301 4003 1418 4101 quid:

157 4121 329 4194 nimirum
348 4139 388 4192 ut
407 4119 504 4193 bene
522 4137 559 4193 et
578 4118 741 4215 perfecte
760 4120 817 4194 sit.

209 4238 250 4312 Si
270 4262 361 4335 ergo
379 4254 569 4333 spectetur
587 4237 623 4310 id
642 4238 743 4335 quod
764 4237 962 4335 requiritur
993 4239 1040 4314 ad
1059 4239 1261 4317 essentiam
1285 4240 1415 4313 immu-

158 4355 284 4429 nitatis
297 4355 333 4426 in
347 4373 432 4426 actu
451 4355 627 4439 secund0,
648 4373 851 4451 pateream
871 4381 982 4452 posse
997 4358 1158 4432 existere
1176 4357 1258 4459 sine
1279 4356 1415 4431 Princi-

159 4493 257 4575 patu,
275 4473 305 4546 si
324 4472 557 4571 gubernium,
574 4473 611 4545 in
630 4474 736 4571 cujus
749 4473 935 4549 territorio
949 4477 997 4551 sit
1015 4477 1209 4550 Romanus
1230 4474 1413 4561 Pontifex,

201 4707 221 4746 r.
243 4693 287 4745 De
301 4687 427 4758 Angelis,
440 4688 459 4742 l.
473 4703 495 4744 c.
