3496 5482
244 707 447 804 impietatis
460 706 627 804 scripsit:
643 716 664 745 “
683 706 896 803 Principatu
912 705 1023 780 Sedis
1040 705 1223 780 Romanae
1239 708 1359 804 potire
1373 725 1411 782 et
1424 732 1511 781 mox

244 850 321 924 prae
348 824 668 900 nationalitatibus
684 843 722 898 et
742 823 956 922 regionibus
969 823 1128 897 diversis
1148 823 1184 897 in
1199 825 1367 900 diversas
1386 843 1511 924 partes

249 960 287 1018 et
323 943 524 1017 schismata
559 942 714 1016 abibunt
743 941 872 1017 fideles
894 943 934 1029 '';
953 941 1152 1015 fuissemus
1184 967 1314 1016 revera
1340 943 1511 1040 jacentes

250 1059 345 1134 sicut
374 1087 465 1135 oves
499 1086 573 1133 non
603 1061 786 1135 habentes
819 1079 1007 1158 pastorem
1028 1059 1045 1086 ’'
1079 1104 1127 1117 -
1159 1069 1180 1098 ⁴⁶
1200 1061 1456 1158 unusquisque
1475 1062 1510 1134 in

249 1177 348 1251 viam
369 1204 474 1252 suam
487 1177 686 1253 declinans
706 1176 760 1279 (¹).
782 1178 800 1206 ”

299 1296 372 1371 Ast
395 1295 578 1370 Providus
611 1297 717 1372 Deus
746 1296 850 1371 novit
879 1295 1035 1370 consilia
1054 1296 1309 1383 hominum...
1347 1297 1511 1393 providit

251 1413 432 1491 Ecclesiae
445 1442 533 1502 suae,
549 1418 713 1514 providit
732 1416 841 1491 saluti
861 1416 1065 1500 hominum,
1083 1414 1246 1514 providit
1266 1412 1510 1487 incolumitati

248 1534 470 1609 societatum
491 1536 654 1610 civilium
685 1535 845 1632 ideoque
864 1534 1028 1608 cohibita
1047 1534 1093 1607 ad
1120 1551 1268 1630 tempus
1287 1531 1511 1605 executione

248 1651 390 1726 consilii
410 1653 634 1727 nefariarum
666 1671 861 1739 sectarum,
882 1671 1083 1749 antequam
1112 1650 1389 1727 lamentabilem
1409 1652 1507 1727 diem

250 1794 298 1845 20
316 1769 421 1868 Sept.
442 1772 621 1848 advenire
649 1789 686 1846 et
715 1772 965 1846 consummari
985 1769 1245 1868 spoliationem
1276 1771 1508 1867 permitteret

246 1888 308 1962 die
332 1892 374 1962 18
393 1888 480 1986 Julii
500 1892 669 1990 ejusdem
688 1890 774 1964 anni
800 1893 896 1983 1870
914 1888 1130 1964 mirabiliter
1157 1889 1386 1962 oecumenico
1409 1906 1508 1962 coetu

245 2025 461 2094 convocato
485 2027 521 2083 et
554 2027 655 2083 mota
673 2010 882 2106 quaestione
904 2009 1088 2082 Primatus
1117 2005 1306 2081 Pontificis
1329 2007 1503 2092 Romani,

249 2123 435 2198 vinculum
457 2124 545 2200 illud
578 2125 830 2224 irrefragabile
849 2127 1014 2224 apponit,
1035 2151 1110 2223 quo
1129 2121 1259 2198 fideles
1278 2122 1468 2198 christiani
1487 2149 1509 2197 a

246 2265 422 2338 supremo
442 2244 594 2319 Pastore
607 2245 759 2319 minime
768 2246 847 2344 jam
863 2245 1035 2318 aberrare
1054 2245 1234 2327 sinuntur,
1256 2265 1406 2338 quoque
1434 2259 1509 2316 tam

246 2360 452 2434 arctissime
471 2388 554 2435 cum
576 2364 657 2460 ipso
676 2363 849 2436 uniantur
880 2382 1013 2437 utnon
1038 2363 1117 2460 jam
1141 2361 1189 2434 ad
1208 2386 1338 2434 verum
1369 2359 1509 2434 Christi

244 2504 399 2576 gregem
415 2481 600 2576 pertinere
613 2481 767 2578 possint,
784 2481 872 2579 quin
893 2481 1097 2555 totocorde
1116 2505 1157 2553 ac
1170 2498 1248 2552 tota
1269 2495 1394 2553 mente
1414 2478 1507 2551 Pon·

246 2594 333 2669 tifici
368 2595 542 2670 Romano
574 2599 722 2694 penitus
751 2598 977 2672 adhaereant.
999 2642 1049 2653 -
1074 2598 1140 2681 lta,
1178 2597 1277 2694 “qui
1298 2597 1441 2671 habitat
1471 2597 1507 2670 in

246 2713 360 2798 coelis,
383 2715 493 2788 irrisit
512 2741 577 2789 eos
597 2734 634 2789 et
656 2717 843 2790 Dominus
862 2716 1106 2790 subsannavit
1125 2740 1201 2788 eos.
1224 2714 1239 2740 ’¹

299 2845 352 2905 10.
384 2831 524 2908 Nonne
554 2835 679 2929 itaque
698 2860 745 2909 ex
765 2835 903 2908 unione
934 2832 1089 2906 mirabili
1109 2858 1192 2906 cum
1229 2831 1411 2906 Pontifice
1432 2832 1507 2905 Ro·

245 2973 368 3035 mano,
401 2975 485 3046 quae
515 2952 551 3024 in
582 2951 681 3024 diem
705 2976 872 3026 crescere
902 2953 982 3025 visa
1010 2968 1077 3037 est,
1109 2968 1209 3023 certa
1233 2974 1320 3046 spes
1352 2947 1507 3047 affulget

245 3067 332 3139 novi
352 3068 493 3141 ordinis
510 3093 554 3140 ac
573 3068 674 3164 pacis
710 3070 805 3142 inter
823 3067 980 3166 populos
1012 3065 1270 3141 christianos?
1299 3065 1441 3140 Nonne
1458 3066 1506 3139 ab

244 3181 315 3256 hoc
335 3201 503 3281 tempore
517 3184 688 3259 Ecclesia
704 3187 874 3260 Romana
888 3212 1120 3285 congregare
1138 3184 1252 3280 coepit
1271 3181 1400 3257 fideles
1415 3209 1503 3256 suos

244 3300 399 3396 perinde
418 3327 460 3374 ac
479 3301 618 3400 gallina
636 3323 844 3404 congregat
863 3305 933 3378 sub
952 3303 1010 3377 ala
1030 3301 1150 3399 pullos
1169 3328 1258 3376 suos
1277 3302 1292 3376 ?

296 3415 392 3510 Quis
410 3437 467 3492 est
486 3420 549 3516 qui
569 3440 724 3519 negaret
743 3448 926 3495 summam
947 3422 1129 3495 unitatem
1159 3438 1233 3494 tam
1254 3418 1504 3517 providentis·

244 3534 338 3609 sime
356 3560 398 3608 ac
418 3555 628 3634 opportune
647 3557 825 3627 exortam,
840 3564 1000 3636 quaeque
1018 3557 1056 3614 et
1075 3539 1203 3613 hostes
1227 3539 1328 3635 ipsos
1346 3537 1505 3611 admira·

244 3652 346 3726 tione
360 3677 402 3726 ac
418 3670 580 3730 tremore
609 3657 775 3753 percellit
792 3658 870 3732 ?-
885 3658 945 3731 En
968 3663 1219 3751 256‚ooo,ooo
1236 3654 1504 3730 catholicorum

242 3795 401 3868 quorum
422 3773 588 3846 omnium
621 3793 658 3850 et
691 3775 923 3875 singulorum
957 3776 1069 3849 corda
1088 3793 1125 3849 et
1158 3794 1304 3850 mentes
1325 3800 1399 3848 non
1424 3774 1503 3872 jam

242 3889 458 3985 conspirant
490 3892 526 3964 in
556 3894 757 3990 quamdam
777 3894 933 3967 sormam
964 3893 1238 3968 Christianismi
1268 3918 1415 3990 vagam,
1436 3891 1504 3965 sed

243 4006 442 4081 collineant
467 4010 637 4084 inunum
661 4011 879 4086 Pontificem
914 4012 1127 4085 Romanum
1148 4029 1187 4086 ut
1208 4029 1262 4086 tot
1294 4011 1385 4085 radii
1405 4011 1503 4108 ejus-

242 4126 327 4199 dem
347 4125 470 4200 circuli
489 4129 552 4224 qui
573 4129 610 4201 in
627 4129 780 4202 circuitu
795 4156 864 4203 suo
880 4148 999 4204 totum
1018 4129 1135 4202 ambit
1147 4147 1329 4204 terrarum
1346 4128 1500 4202 Orbem.

246 4241 486 4341 Ubicumque
522 4247 621 4319 enim
659 4248 821 4322 exstabit
853 4248 1075 4321 christianus
1112 4272 1223 4320 verus
1264 4243 1370 4330 ullus,
1408 4242 1502 4316 fides
1608 4241 1611 4245 ’

240 4360 321 4457 ejus
341 4361 541 4436 christiana
572 4365 749 4462 deinceps
779 4364 900 4462 palam
920 4365 1174 4440 enuntiabitur
1192 4362 1286 4437 fides
1317 4362 1500 4448 Romana,

241 4477 335 4553 fides
355 4479 470 4576 ipsius
489 4485 714 4557 successoris
737 4485 847 4570 Petri,
872 4482 1062 4557 Pontificis
1084 4507 1219 4572 nempe
1241 4478 1414 4552 Romani.

261 4633 556 4641 ——-·—-—-·——---
596 4635 1119 4644 W
1135 4636 1168 4640 --.
1187 4635 1264 4641 ...α-.-
1277 4634 1320 4640 -—-
1345 4629 1495 4640 —-·-—-=—

280 4712 301 4752 1.
315 4694 432 4767 Marta,
445 4707 487 4767 rx,
500 4696 553 4768 3⁶3
566 4699 615 4770 Is„
629 4711 676 4772 ur,
687 4701 715 4758 6.
