3496 5482
870 463 1118 472 .---..--.--

418 526 422 532 ’
497 527 619 579 CAPUT
646 525 826 577 DECIMUM
853 524 1052 588 QUARTUM.
1336 522 1407 594 335

150 687 373 787 agubernio
395 685 577 759 Russiaco
605 682 897 758 notificationem
929 682 1073 778 accepit
1091 682 1260 779 ejusdem
1281 680 1410 754 sormae

151 805 361 902 eodemque
373 829 484 877 sensu
500 828 612 900 quam
627 801 741 876 ceteri
764 798 1163 897 Principeslnvitatus
1186 796 1411 872 fuitAbdul·

155 922 298 998 Hamid
312 947 386 997 non
405 940 445 996 ut
463 937 575 1017 caput
595 917 787 1017 spirituale
805 917 925 992 cultus
948 914 1074 990 lslami
1088 916 1155 991 sed
1176 933 1216 991 ut
1233 916 1412 1018 Princeps

151 1066 348 1139 supremus
368 1038 473 1138 regni
503 1039 710 1112 Turcarum
729 1064 737 1110 :
756 1036 935 1110 invitatus
964 1033 1202 1109 Guilhelmus
1219 1053 1259 1108 ut
1290 1036 1411 1136 lmpe·

153 1179 254 1236 rator
272 1159 496 1246 Germaniae,
519 1183 593 1232 non
613 1176 653 1232 ut
672 1175 783 1254 caput
801 1153 969 1230 ecclesiae
991 1180 1075 1252 quae
1094 1180 1135 1229 se
1153 1156 1411 1253 evangelicam

152 1296 262 1354 vocat
280 1306 288 1366 ;
308 1278 464 1352 invitata
493 1277 670 1361 Victoria,
703 1292 742 1350 ut
774 1276 924 1374 Regina
942 1273 1104 1372 Angliae,
1127 1299 1201 1349 non
1232 1294 1273 1350 ut
1302 1296 1413 1374 caput

153 1396 320 1472 ecclesiae
338 1395 557 1494 anglicanae.
583 1395 640 1469 lta
658 1410 696 1468 et
726 1394 828 1491 Papa
848 1412 887 1468 ut
910 1393 1088 1491 Princeps
1115 1418 1313 1490 supremus
1332 1396 1414 1469 sine

154 1515 227 1589 ulla
245 1512 468 1611 exceptione
486 1512 546 1587 vel
560 1513 712 1586 minima
732 1512 974 1586 restrictione.
993 1510 1044 1585 Et
1066 1510 1275 1586 Moscoviae
1292 1513 1414 1611 Lega-

155 1651 214 1708 tus
250 1634 332 1731 ejus
364 1630 684 1729 praeeminentiam
714 1629 844 1703 habuit
873 1654 985 1726 super
1011 1616 1177 1727 Legatos
1206 1648 1413 1705 ceterarum

157 1751 361 1838 nationum,
409 1748 583 1846 seditque
619 1749 715 1824 inter
749 1747 940 1844 Principes
971 1745 1193 1820 familiarum
1234 1746 1415 1847 regalium

155 1870 269 1944 totius
292 1869 456 1965 Europae
468 1865 523 1966 (¹).
544 1868 640 1942 Item
656 1867 868 1965 nuperrime
887 1867 1091 1964 Papa-Rex
1114 1868 1299 1965 Legatum
1316 1869 1416 1942 misit

155 1987 218 2086 qui
237 1986 468 2062 coronationi
488 1985 658 2060 hodierni
681 1986 923 2082 Imperatoris
944 1985 1091 2059 Russiae
1109 1985 1312 2060 assisteret.
1359 1999 1361 2003 ’

211 2106 419 2204 Imperator
435 2105 651 2179 Germania
667 2105 904 2181 Guilhelmus
923 2104 950 2191 l,
969 2104 1020 2178 uti
1041 2122 1171 2179 notum
1186 2122 1254 2191 est,
1274 2104 1415 2201 Papam

157 2224 270 2299 etiam
300 2240 340 2298 ut
370 2223 581 2321 Principem
614 2249 745 2299 verum
777 2222 943 2323 agnovit.
977 2222 1186 2298 Conflictus
1215 2239 1318 2298 ortus
1336 2237 1416 2297 erat

159 2342 255 2417 inter
283 2341 584 2439 potentissimum
617 2341 813 2440 imperium
848 2341 1113 2416 Germanicum
1145 2360 1183 2417 et
1224 2341 1415 2438 antiquam

159 2459 411 2534 monarchiam
448 2460 694 2558 Hispanicam
714 2461 910 2535 occasione
943 2460 1194 2556 possessionis
1214 2458 1416 2534 insularum

159 2576 441 2665 Carolinarum;
479 2576 616 2653 bellum
653 2578 836 2667 adstabat,
875 2578 1195 2679 conflagratioque
1232 2578 1418 2678 generalis

153 2697 232 2795 jam
252 2697 572 2794 praesentiebatur.
590 2698 681 2773 Sola
699 2697 878 2774 mediatio
896 2699 1068 2797 quaedam
1089 2697 1234 2798 regalis,
1256 2698 1304 2772 ab
1322 2716 1418 2772 utra·

157 2839 231 2912 que
250 2834 356 2912 parte
383 2813 553 2913 litigante
571 2817 715 2892 sincere
744 2836 906 2914 accepta,
928 2819 1049 2915 potuit
1068 2817 1305 2892 concordiam
1332 2841 1419 2913 ope-

159 2933 229 3006 rari
248 2930 462 3030 bellumque
489 2933 681 3032 impedire.
718 2936 958 3011 Unanimiter
976 2962 1059 3009 cum
1081 2936 1188 3034 Rege
1222 2934 1420 3010 Catholico

162 3050 372 3147 Imperator
389 3051 586 3126 haereticus
604 3071 672 3127 ceu
705 3053 949 3128 mediatorem
969 3051 1083 3151 elegit
1105 3054 1274 3128 Leonem
1299 3052 1420 3138 Xlll,

160 3192 235 3242 non
253 3194 327 3267 qua
345 3187 456 3266 caput
475 3169 731 3258 catholicismi,
752 3171 820 3246 sed
840 3197 915 3269 qua
936 3172 1082 3270 Regem
1102 3197 1247 3246 verum.

162 3367 167 3376 ,
214 3286 386 3361 Profecto
400 3286 660 3384 ephemerides
679 3289 906 3364 Massonicae
925 3290 1030 3388 regni
1050 3289 1166 3364 ltaliae
1182 3307 1327 3364 conatae
1338 3305 1424 3362 sunt

160 3402 300 3477 factum
319 3404 417 3478 istud
450 3431 581 3481 avero
609 3432 721 3481 sensu
753 3406 988 3504 detorquere,
1009 3424 1068 3482 ast
1097 3407 1245 3482 frustra.
1278 3405 1424 3504 lpsissi-

161 3548 263 3596 mum
282 3524 506 3622 gubernium
543 3527 804 3624 Borussiacum
826 3546 964 3613 notam,
986 3528 1039 3601 uti
1066 3527 1205 3613 dicunt,
1226 3526 1425 3601 officialem

162 3640 280 3715 edidit
299 3641 346 3714 ad
377 3642 692 3717 manifestandum
723 3645 863 3718 mundo
882 3647 1059 3720 universo
1087 3671 1129 3720 se
1152 3646 1291 3743 Papam
1311 3663 1352 3718 ut
1370 3669 1426 3717 ar·

163 3758 298 3832 bitrum
332 3759 503 3858 elegisse,
537 3763 625 3858 quia
656 3789 806 3861 semper
841 3782 899 3838 est
942 3782 1055 3861 atque
1091 3781 1286 3862 permanet
1315 3787 1427 3837 verus

164 3878 343 3976 Princeps
360 3880 589 3955 territorialis
608 3908 804 3980 supremus
823 3902 860 3958 et
880 3883 1138 3980 independens
1158 3882 1211 3981 (²).

202 4111 307 4165 1.Van
323 4114 440 4181 Duerm,
468 4117 647 4171 Vr'cr'ssitudcs
664 4118 827 4189 politz'qucs,
849 4128 912 4188 etc,
926 4136 953 4190 p.
972 4134 1032 4188 443.
1056 4119 1177 4191 D'apres
1190 4120 1231 4175 les
1253 4117 1427 4189 reglements

162 4188 214 4244 des
227 4191 324 4245 traites
338 4192 375 4246 de
389 4193 499 4250 Vienne
519 4196 612 4266 (1815)
632 4208 659 4252 et
673 4198 949 4270 d’nix-ta-Chapelte
962 4198 1056 4267 (1818)
1069 4200 1111 4255 les
1132 4201 1249 4255 Nonces
1263 4208 1313 4253 ont
1327 4198 1353 4253 le
1366 4214 1428 4269 pas,

163 4268 235 4323 dans
248 4268 290 4324 les
303 4287 386 4325 cours
400 4275 589 4345 catholiques,
599 4294 647 4332 sur
659 4278 700 4334 les
715 4278 945 4333 ambassadeurs.
957 4277 1063 4349 (Ibid.)

200 4363 225 4403 a.
244 4350 290 4402 En
305 4349 449 4420 ipsissima
460 4356 563 4411 verba:
578 4355 595 4383 “
609 4358 809 4428 L'Allemagne
823 4360 889 4413 s’est
903 4358 1037 4414 adressee
1050 4375 1086 4413 au
1102 4360 1179 4430 Pape
1193 4356 1431 4430 principalement

164 4445 251 4497 parce
264 4430 330 4498 qu’il
344 4441 388 4486 est
402 4433 467 4502 Roi,
480 4451 605 4491 reconnu
620 4454 671 4506 par
692 4438 718 4492 le
731 4449 954 4507 gouvernement
976 4439 1119 4508 Prussien,
1131 4438 1179 4510 qui
1192 4454 1210 4493 a
1232 4436 1335 4507 aupres
1348 4436 1385 4491 de
1397 4452 1430 4491 sa

164 4524 305 4578 personne
319 4512 462 4568 accredite
477 4531 513 4569 un
527 4516 741 4572 ambassadeur.
755 4517 815 4572 Ila
834 4534 869 4572 eu
883 4535 996 4573 recours
1013 4535 1053 4573 au
1072 4519 1154 4590 Pape
1170 4534 1273 4573 comme
1285 4516 1304 4571 cl
1315 4533 1356 4570 rm
1368 4533 1430 4571 sou-

165 4589 266 4641 verain
275 4607 286 4644 .·
293 4588 407 4660 dignit!
416 4609 470 4663 que
481 4595 618 4650 Phistoire
631 4609 670 4652 ΕΤ
684 4609 724 4652 LE
737 4607 837 4652 onom
849 4597 887 4653 lui
897 4598 1113 4655 reconnaissent
1123 4597 1225 4669 depuis
1233 4596 1286 4653 des
1297 4596 1407 4654 siecles.
1418 4599 1432 4627 ¹’

166 4665 300 4737 (Gazette
311 4671 384 4724 dela
399 4673 512 4742 Cror'x.)
