3496 5482
315 593 363 684 38
725 611 819 660 mm
845 611 905 663 εῖτ
933 610 1009 661 nux
1037 610 1164 661 noun.

369 777 452 851 Nec
466 775 613 862 mirum;
626 777 708 875 quis
723 776 822 851 enim
838 775 971 850 melius
984 800 1096 874 quam
1111 775 1284 850 Vicarius
1297 774 1437 851 Christi
1448 795 1576 874 posset

315 920 426 972 nosse
444 912 483 970 et
496 895 602 993 sequi
622 893 787 993 regulam
807 892 902 968 hanc
920 919 1081 980 auream,
1103 893 1155 968 ita
1173 920 1194 966 a
1216 894 1349 969 Leone
1378 894 1482 970 XIII
1505 895 1577 970 Ior-

316 1012 518 1089 mulatam:
543 1022 565 1055 ‘¹
586 1012 777 1109 Principes
797 1037 819 1086 a
839 1012 926 1087 Deo
939 1012 1083 1107 optimo
1099 1011 1274 1098 maximo,
1306 1011 1406 1087 unde
1425 1012 1495 1087 sibi
1514 1039 1576 1088 au·

315 1131 465 1206 ctoritas
480 1130 577 1218 data,
592 1130 766 1227 exempla
780 1147 948 1205 sumant:
968 1129 1137 1228 Eiusque
1152 1129 1355 1229 imagInem
1368 1130 1439 1206 sibi
1451 1131 1494 1205 'in
1513 1131 1576 1206 ad·

316 1248 560 1324 ministranda
591 1247 781 1343 republica
810 1265 1076 1345 proponentes,
1115 1247 1257 1347 populo
1289 1248 1458 1345 ‘praesint
1491 1273 1576 1326 cum

316 1367 505 1464 aequitate
522 1383 560 1441 et
578 1365 709 1450 fide‚et
727 1365 775 1439 ad
794 1390 889 1452 eam,
903 1390 1001 1463 quae
1016 1366 1227 1441 necessaria
1246 1384 1305 1441 est
1323 1365 1574 1453 severitatem,

318 1504 512 1583 paternam
531 1486 723 1561 caritatem
743 1484 946 1560 adhibeant
966 1482 1020 1585 (¹).
1043 1484 1061 1513 ’⁹

370 1619 421 1682 13.
442 1603 540 1679 Sunt
553 1603 616 1703 qui
636 1605 714 1678 ausi
734 1604 809 1678 sint
824 1601 903 1678 haec
922 1620 960 1678 et
979 1603 1113 1678 similia
1132 1603 1323 1702 proferre:
1345 1605 1577 1702 Principatus

318 1723 534 1820 temporalis
553 1724 699 1799 Summi
722 1722 916 1799 Pontificis
946 1741 1004 1797 est
1035 1723 1225 1820 possessio
1243 1725 1447 1823 antiquitus
1475 1748 1579 1799 mero

317 1840 512 1917 latrocinio
530 1859 711 1940 occupata
729 1860 767 1917 et
785 1841 931 1915 etiamsi
947 1839 1168 1919 saeculorum
1184 1841 1341 1917 decursu
1356 1844 1459 1942 justo
1471 1840 1579 1917 titulo

318 1986 415 2036 nunc
433 1961 617 2061 gauderet
632 1961 677 2035 iis
696 1961 806 2037 rebus
824 1959 1012 2046 Pontifex,
1033 1958 1210 2035 nonlicet
1226 1960 1296 2058 ipsi
1310 1961 1395 2059 jure
1418 1960 1578 2035 retinere

318 2104 393 2165 eas,
409 2079 549 2178 quippe
568 2079 669 2178 quod
688 2080 901 2176 Principatu
919 2077 1018 2152 civili
1038 2077 1149 2174 potiri
1167 2103 1251 2151 curn
1274 2078 1488 2176 Principatu
1505 2078 1578 2175 spi-

319 2194 440 2272 rituali
459 2214 602 2296 pugnet
618 2225 626 2284 ;
642 2197 717 2271 imo
729 2222 813 2270 curn
832 2193 1047 2293 Evangelio
1066 2213 1104 2269 et
1119 2195 1251 2292 spiritu
1270 2195 1421 2269 humilis
1437 2195 1578 2270 Christi

321 2314 477 2389 Domini
508 2312 619 2412 plane
653 2314 702 2389 sit
734 2314 937 2389 dissonum.
973 2313 1249 2413 Hujuscemodi
1281 2312 1423 2388 facetiis
1462 2313 1577 2398 innixi

318 2457 512 2508 massones
524 2432 638 2508 modo
644 2431 797 2531 judaico
807 2431 1024 2532 garriebant
1038 2457 1080 2507 se
1093 2429 1183 2504 nihil
1197 2430 1387 2529 antiquius
1402 2430 1578 2520 habuisse

317 2575 430 2648 quam
467 2568 508 2625 ut
538 2567 789 2626 exonerarent
823 2548 1044 2630 Pontificem
1072 2575 1094 2622 a
1117 2549 1214 2623 curis
1238 2548 1517 2647 temporalibus,
1537 2564 1578 2621 ut

317 2667 398 2766 ipse
417 2669 468 2742 ita
486 2666 619 2743 melius
631 2668 749 2767 possit
768 2692 903 2742 vacare
920 2666 1184 2764 spiritualibus.
1206 2666 1242 2742 Ο
1263 2667 1429 2754 devotio,
1453 2692 1477 2740 o
1501 2667 1577 2764 pie-

317 2803 384 2874 tas,
397 2812 421 2862 o
435 2786 548 2860 corda
563 2804 639 2861 tam
659 2804 787 2862 tenere
806 2785 940 2859 aflecta
959 2802 997 2859 et
1011 2785 1218 2882 purissimis
1230 2784 1451 2882 hypocrysis
1465 2784 1577 2858 radiis

317 2903 506 2979 rutilantia
525 2929 741 2978 massonum
760 2904 767 2978 !
983 2999 988 3006 Ι

368 3021 482 3117 Quod
502 3020 551 3095 nil
571 3040 629 3096 est
647 3022 747 3121 quod
781 3037 965 3120 repugnet
1000 3019 1221 3095 Pontificem
1243 3019 1475 3117 spiritualem
1494 3046 1578 3094 esse

316 3139 425 3215 simul
454 3158 492 3216 et
521 3166 648 3240 regem
664 3140 918 3238 temporalem,
941 3156 1044 3237 patet
1062 3140 1183 3237 primo
1205 3166 1253 3214 ex
1275 3138 1474 3215 multorum
1493 3164 1577 3215 san-

316 3275 460 3333 ctorum
492 3257 675 3356 exemplis
702 3259 765 3356 qui
793 3258 878 3332 huic
920 3257 1099 3357 singulari
1129 3258 1384 3333 Providentiae
1421 3257 1578 3333 consilio

317 3377 470 3452 minime
483 3377 756 3451 contradixere.

317 3553 494 3610 Dioecesium
508 3565 666 3610 vestrarum
678 3553 824 3610 Parochiis
837 3552 910 3609 inter
924 3554 1079 3608 Missarum
1093 3552 1232 3609 solemnia
1243 3552 1420 3622 evulgandis,
1434 3569 1579 3608 commen·

316 3635 398 3690 detur
419 3650 575 3704 egenorum
595 3651 691 3702 causa,
709 3644 903 3705 agnoscatque
916 3635 1047 3704 populus,
1061 3650 1147 3704 quam
1160 3644 1241 3703 turpe
1253 3649 1287 3687 ac
1302 3631 1458 3687 christiano
1469 3633 1578 3687 nomini

316 3713 480 3769 indecorum
495 3715 540 3804 ¹sit,
550 3730 643 3769 messe
654 3714 714 3784 jam
724 3714 864 3783 absoluta,
883 3730 1023 3784 pauperes
1035 3714 1072 3768 ab
1079 3714 1140 3783 agri
1158 3713 1262 3768 finibus
1278 3710 1433 3767 amoveri.''
1445 3712 1577 3780 (constit.

317 3793 516 3939 Ligeppdrpqq
530 3792 688 3943 hillini
711 3890 815 3928 novam
835 3875 890 3928 hac
909 3873 945 3928 de
964 3872 1084 3928 materia
1102 3872 1179 3927 idem
1199 3871 1329 3926 Pontifex
1346 3869 1435 3925 edidit
1456 3845 1577 3939 Bullam,

315 3971 380 4025 quae
392 3952 491 4022 incipit
508 3971 514 4008 :
529 3953 603 4007 “Ex
624 3953 779 4009 commisso
794 3955 820 4006 N
825 3953 887 4008 obIs
913 3951 1089 4023 Apostolicae
1109 3949 1309 4007 sollicitudinis
1328 3966 1445 4004 munere
1458 3950 1578 4005 libenter

314 4050 349 4088 ea
361 4032 458 4087 omnia
472 4034 676 4103 prosequimur,
684 4051 748 4105 quae
762 4044 923 4087 nostrorum
938 4033 1116 4087 subditorum
1129 4029 1312 4085 commodum
1326 4041 1412 4100 atque
1426 4029 1577 4085 utilitatem

313 4111 468 4181 respiciunt
485 4130 491 4168 :
510 4112 562 4167 sed
575 4114 612 4168 ad
625 4130 660 4168 ea
672 4114 842 4184 potIssimun
852 4113 980 4168 animum
991 4123 1119 4167 nostrum
1133 4109 1315 4176 intendImus,
1329 4125 1381 4179 per
1393 4126 1457 4180 quae
1472 4126 1576 4180 paupe·

314 4207 376 4246 rum
401 4192 619 4247 necessitatibus
640 4204 669 4248 et
683 4191 850 4247 miserorum
864 4192 1030 4262 Indigentiis
1044 4191 1208 4246 consulitur.
1222 4189 1284 4227 ”-
1309 4189 1381 4257 Quae
1401 4190 1487 4244 verba
1500 4206 1576 4244 com·

314 4270 450 4340 pendium
462 4270 597 4327 exhibent
610 4273 697 4327 totius
716 4289 825 4326 normae
844 4273 970 4327 omnium
990 4272 1187 4326 Romanorum
1201 4266 1371 4324 Pontificum
1391 4267 1419 4322 in
1440 4268 1576 4338 regIm-ine

316 4348 494 4420 Principatus
508 4349 550 4405 sui
564 4351 655 4406 civilis
675 4352 811 4421 usurpati.

350 4428 476 4483 Priorem
490 4429 720 4485 constitutIonem
734 4431 770 4485 de
788 4430 930 4500 spIcarum
948 4431 1038 4486 libera
1059 4429 1227 4485 collectione
1241 4430 1389 4483 confirmat
1405 4429 1576 4484 Benedictus

315 4509 385 4564 XIV
411 4508 510 4563 addita
534 4509 719 4579 etiampoena
744 4510 860 4580 triginta
880 4523 1025 4565 scutorum
1049 4527 1099 4579 pro
1123 4508 1241 4578 singulis
1262 4509 1501 4579 delinquentibus.
1531 4508 1575 4562 En

313 4589 458 4661 specimen
471 4588 634 4644 autocratiae
656 4602 782 4659 paternae
802 4590 921 4660 papalis,
939 4608 1004 4661 quae
1017 4606 1106 4662 usque
1118 4590 1156 4644 ad
1170 4600 1229 4645 tam
1242 4589 1352 4644 minuta
1365 4588 1513 4643 descendit
1527 4589 1574 4642 ubi

314 4670 406 4739 agitur
419 4668 455 4723 de
467 4669 603 4737 subjectis
617 4671 797 4740 pauperibus.

352 4763 374 4804 1.
384 4749 501 4820 Encycl.
509 4748 701 4820 Ds'uturnum,
712 4765 747 4804 το
758 4749 823 4821 Jun.
840 4750 915 4806 1881.
