3496 5482
257 550 298 580 v
382 551 422 579 v
455 573 471 600 2
506 552 544 580 Ὗ·
630 548 1061 603 *mvmvmv
1096 568 1112 593 ν
1145 549 1185 579 v
1237 546 1434 597 *mv

223 552 1468 630 'nl—'d'nv—mhvfflv—'nn-av—'mm-vum-l-'1·nv-'¹'-l-'n'nv-·

530 712 740 800 canor
770 708 1144 814 snouunuu

202 868 425 948 Potestas
464 864 649 963 civilis
689 861 881 964 regalis,
934 864 1177 961 absoluta,
1218 865 1462 964 competit

251 983 438 1066 Christi
466 983 679 1080 vicario,
703 982 818 1084 jure
848 982 1047 1098 divino,
1089 984 1271 1064 saltem
1311 988 1461 1064 natu-

251 1103 361 1196 rali,
392 1106 597 1202 propter
635 1103 921 1185 Primatum
950 1101 1060 1203 ejus
1086 1113 1239 1204 atque
1267 1104 1460 1185 immu-
1492 1114 1509 1213 J

211 1234 213 1239 ·
251 1221 477 1303 nitatem.

243 1476 269 1534 l.
293 1475 387 1534 lure
409 1474 552 1550 divino,
569 1476 703 1534 sallem
726 1476 903 1552 naturali,
920 1475 1060 1546 gaudet
1078 1476 1270 1536 Romanus
1286 1476 1461 1536 Pontifex
1575 1460 1579 1466 ⁸

199 1571 441 1633 immunitate
456 1574 644 1646 personali
661 1575 888 1647 plenissima.
904 1607 941 1616 -
956 1575 990 1633 2.
1009 1576 1092 1634 Hoc
1106 1583 1181 1635 lus
1196 1574 1459 1652 immunitatis,

197 1669 372 1730 divinum
388 1685 475 1730 cum
491 1672 551 1748 sit,
568 1686 644 1731 non
669 1672 809 1746 pendet
823 1673 871 1732 ab
892 1673 970 1731 ulla
990 1673 1189 1732 voluntate
1213 1676 1390 1749 humana,
1413 1689 1460 1732 ne

197 1769 352 1842 quidem
366 1771 428 1828 vel
445 1770 562 1841 ipsius
580 1771 792 1846 Pontificis3
820 1770 885 1829 sed
900 1775 1050 1829 tantum
1068 1780 1349 1835 uxnnclrluu
1364 1773 1458 1845 elus

184 1901 238 1920 ,-
256 1868 289 1928 3.
308 1867 387 1926 lieo
401 1881 423 1924 a
438 1868 540 1927 civili
556 1873 742 1942 potestate
757 1869 940 1941 originem
964 1870 1085 1944 duxit,
1104 1883 1174 1928 nec
1200 1873 1247 1930 ab
1267 1882 1311 1928 ea
1337 1875 1460 1942 potest

197 1965 339 2024 aboleri
356 1979 535 2038 unquam.
547 1969 633 2026 -4,
649 1969 910 2028 Necessarium
924 1972 961 2025 et
977 1969 1174 2027 essentiale
1190 1973 1246 2026 est
1264 1971 1458 2029 Primatui.

198 2094 238 2104 -
262 2064 296 2124 5.
324 2067 406 2123 llon
429 2066 622 2140 opprimit,
645 2066 711 2123 sed
737 2065 905 2138 adjuvat.
928 2097 968 2107 -
990 2065 1024 2127 6.
1049 2067 1150 2139 Papa
1179 2068 1381 2138 singularis
1404 2073 1460 2126 est

201 2165 388 2240 Princeps,
407 2164 542 2223 unicus
557 2169 595 2223 et
617 2165 657 2222 in
681 2177 818 2236 genere
842 2178 923 2241 suo,
941 2170 979 2223 et
996 2167 1032 2224 ln
1054 2179 1123 2226 sua
1145 2164 1278 2236 agendi
1301 2167 1463 2231 ratione,

197 2295 237 2304 -
258 2263 291 2323 7.
317 2266 360 2322 ln
385 2276 427 2320 re
448 2262 600 2335 politica
629 2262 923 2339 internetionall,
946 2276 1096 2336 semper
1117 2265 1165 2323 sit
1191 2270 1336 2323 neuter.
1360 2296 1400 2305 —
1423 2264 1457 2326 8.

199 2359 411 2434 Nequidem
438 2359 593 2436 foedere,
613 2361 747 2418 saltem
769 2366 965 2437 perpetuo,
987 2366 1110 2434 potest
1135 2375 1224 2421 cum
1248 2362 1373 2435 aliqua
1388 2375 1459 2419 na-

198 2459 301 2517 tione
333 2459 486 2530 speclali
508 2459 626 2531 ligari.
658 2489 699 2498 *
727 2459 760 2520 9.
790 2463 867 2519 Nec
898 2460 1061 2532 alicujus
1091 2460 1253 2519 nationis
1278 2460 1343 2518 diu
1378 2472 1459 2518 esse
1546 2488 1550 2492 ·

195 2556 344 2629 hospes.
356 2556 462 2617 -10.
480 2557 535 2617 De
551 2557 747 2615 mansione
763 2556 987 2615 Pontificum
999 2559 1246 2616 Avenlone.-
1261 2559 1307 2617 ll.
1327 2559 1458 2617 Romae

197 2666 272 2712 non
298 2653 435 2714 habeat
459 2655 633 2726 gubernii
660 2654 821 2714 formam
851 2655 1214 2731 repraesentativam‚
1241 2669 1308 2714 seu
1327 2660 1460 2714 'coetus

196 2751 380 2828 legiferos,
403 2751 470 2812 sed
498 2753 579 2812 Rex
603 2753 653 2810 sit
674 2751 1007 2813 absolutus-12.
1034 2754 1193 2812 Paterna
1215 2753 1286 2813 erit
1307 2765 1459 2827 semper
1554 2814 1556 2819 ⁴
1617 2796 1620 2804 .

196 2850 279 2922 ejus
300 2851 537 2921 gubernandi
556 2853 653 2910 ratlo
676 2853 851 2924 quamvis
866 2856 1071 2912 autocrata.
1085 2885 1125 2893 -
1141 2852 1190 2912 13.
1209 2853 1294 2911 Non
1316 2857 1460 2926 pugnat
1495 2885 1498 2895 ι

196 2964 283 3009 oum
305 2939 424 3010 verbo
451 2951 520 3011 Dei
543 2956 584 3010 ul
606 2952 707 3011 idem
721 2952 837 3011 homo
859 2953 908 3011 sit
933 2953 1112 3025 Princeps
1129 2951 1404 3011 ecclesiasticus
1422 2958 1458 3012 et

184 3046 374 3122 'politicus
395 3049 522 3108 simul.

250 3288 276 3348 l.
307 3273 401 3348 Fide
437 3257 619 3348 catholica
647 3275 852 3350 tenendum
871 3294 928 3350 est
961 3276 1165 3350 Primatum
1182 3275 1455 3375 jurisdictionis

100 3438 103 3442 -
196 3390 620 3488 universalis,supremae
638 3411 676 3466 et
696 3390 920 3468 immediata
939 3420 1024 3468 esse
1042 3419 1159 3491 penes
1181 3394 1332 3467 Petrum
1356 3393 1453 3492 ejus·

196 3535 270 3607 que
296 3535 531 3585 successores
552 3509 606 3611 (¹)

249 3628 324 3702 Hic
346 3629 531 3702 Primatus
545 3647 603 3704 est
619 3629 803 3704 institutio
822 3656 924 3706 mere
942 3632 1080 3707 divina.

248 3746 341 3820 Fide
356 3745 538 3821 catholica
551 3770 702 3843 quoque
717 3749 946 3823 credendum
961 3767 1019 3824 est
1036 3751 1241 3823 Primatum
1256 3750 1355 3823 hunc
1369 3775 1454 3824 esse

196 3865 337 3938 unitum
352 3890 435 3938 cum
456 3862 633 3937 cathedra
651 3866 853 3963 episcopali
879 3893 1043 3951 romana,
1071 3885 1202 3963 utpote
1222 3893 1306 3941 cum
1326 3867 1456 3941 ultima

195 3982 284 4057 sede
303 4008 337 4083 a?
356 3982 394 4057 S.
425 3979 536 4055 Petro
554 4001 744 4079 occupata,
763 3982 892 4058 ultima
912 3985 947 4057 in
967 4011 1040 4082 qua
1060 3985 1210 4082 proprie
1229 3983 1358 4059 habuit
1376 4010 1455 4058 suc·

195 4122 381 4175 cessorem
401 4124 572 4196 personae
591 4125 668 4172 suae
688 4099 743 4200 (²).

248 4208 343 4291 Haec
362 4217 450 4291 unio
469 4235 527 4291 est
556 4216 800 4292 institutionis
827 4218 1056 4314 apostolicae,
1084 4238 1142 4295 est
1170 4220 1310 4295 factum
1342 4219 1452 4306 Petri,

193 4337 260 4411 sed
280 4337 417 4412 factum
442 4336 681 4411 ratihabitum
701 4365 722 4410 a
742 4339 895 4413 Christo
925 4341 1257 4435 providentialiter,
1280 4341 1455 4415 historice

204 4488 434 4497 m*-

234 4561 255 4601 l.
275 4548 361 4602 Cone.
376 4547 477 4613 vatic,
492 4550 566 4601 Sess.
582 4561 621 4610 ιν,
635 4567 658 4602 c.
677 4564 698 4616 1,
712 4567 735 4603 c.
751 4565 773 4603 2.
789 4581 823 4588 —
844 4550 984 4616 Palinuri,
1010 4550 1051 4602 De
1065 4551 1144 4605 Rom.
1160 4551 1251 4616 Pont,
1273 4568 1299 4620 p.
1317 4552 1338 4618 l,
1352 4568 1374 4604 c.
1394 4566 1415 4623 l,
1429 4566 1453 4608 2.

196 4627 227 4682 P.
242 4629 331 4695 Marc,
344 4628 439 4681 Instrl.
454 4628 552 4697 Alpi„
569 4628 619 4698 1,§
638 4643 695 4696 139.
1216 4686 1218 4689 ,
1258 4624 1262 4632 ’

231 4722 255 4762 2.
275 4708 361 4762 Cone.
377 4707 453 4761 Flor.
467 4705 483 4733 “
498 4708 634 4762 Sanctam
647 4710 747 4779 Apost.
762 4710 866 4765 Sedern
879 4721 907 4765 et
922 4712 1086 4765 Romanum
1102 4708 1302 4765 Pontificem...
1319 4720 1334 4764 l
