3496 5482
1032 461 1499 474 ——Q———ss

653 520 745 571 PAPA
772 521 831 572 SIT
860 522 933 571 REX
963 523 1089 573 ROMAE.

242 701 280 758 et
295 684 428 757 eodem
448 707 547 756 anno
569 685 662 775 1859
685 683 988 780 Longobardiam
1021 683 1249 781 reliquerunt
1272 684 1495 780 Napoleoni,

242 802 311 901 qui·
320 827 403 876 eam
419 801 519 874 dono
537 799 641 874 dedit
661 799 738 898 regi
756 799 941 874 Sardiniae
959 827 1026 876 seu
1039 803 1163 899 potius
1182 802 1378 877 mediatori
1398 802 1499 875 Mas·

242 920 379 995 sonicae
398 938 510 993 sectae
526 919 561 991 in
581 943 697 1014 opere
716 917 918 1014 implendo.

296 1062 351 1121 14.
371 1048 472 1120 Hinc
490 1046 615 1119 subito
634 1063 672 1119 et
687 1043 765 1118 sole
785 1043 917 1118 clarius
932 1047 1052 1123 evasit
1064 1047 1257 1121 consilium
1274 1047 1498 1144 iniquitatis;

241 1169 380 1243 scilicet
402 1165 623 1240 constitutio
638 1166 748 1260 regni
762 1164 888 1238 ltalia
906 1165 1028 1251 unilce,
1048 1191 1121 1263 qua
1136 1166 1286 1264 quidem
1311 1167 1499 1240 erectione

242 1289 289 1361 de
302 1285 397 1358 sacili
416 1283 748 1380 ansapraeberetur
761 1282 808 1355 ad
822 1284 1106 1358 subversionem
1130 1285 1362 1382 Principatus
1381 1283 1500 1358 civilis

244 1406 282 1479 S.
304 1403 424 1479 Sedis.
446 1403 536 1476 Hoc
562 1402 675 1500 igitur
697 1400 744 1474 ab
764 1400 832 1474 hac
851 1402 913 1476 die
934 1427 1121 1485 summum
1142 1421 1269 1477 votum
1301 1402 1368 1476 suit
1398 1403 1499 1476 Mas·

242 1548 374 1597 sonum
394 1522 498 1619 cujus
518 1519 734 1616 adimpletio
753 1519 801 1592 ab
823 1545 869 1593 eo
894 1538 1085 1595 momento
1117 1546 1190 1594 non
1219 1522 1299 1619 jam
1329 1521 1397 1595 suit
1430 1519 1500 1594 nisi

241 1642 398 1740 quaestio
418 1638 605 1734 temporis.
639 1639 690 1711 Et
722 1664 759 1712 re
779 1639 931 1735 quidem
960 1665 1049 1714 vera
1080 1666 1167 1713 mox
1202 1640 1424 1713 Franciscus
1446 1640 1498 1725 Il,

241 1784 434 1834 successor
455 1757 683 1831 Ferdinandi
721 1757 757 1828 in
791 1781 908 1854 regno
940 1757 1233 1854 neapolitano‚a
1259 1758 1500 1832 Massonibus

242 1879 309 1952 suit
355 1876 545 1974 proditus;
579 1875 721 1960 Parma,
759 1876 919 1961 Etruria,
951 1875 1127 1961 Modena,
1165 1877 1364 1974 Romagna
1401 1875 1500 1950 haud

241 1999 304 2071 diu
324 2012 417 2093 post,
435 1995 465 2067 si
486 1994 607 2066 minus
624 1992 730 2067 titulo
749 2011 807 2066 ast
825 2011 926 2067 certe
946 1995 1185 2090 possessione
1205 1994 1293 2068 reali
1306 2013 1344 2069 et
1361 1994 1500 2091 depen-

241 2113 367 2188 dentia
387 2113 493 2186 lactae
512 2129 600 2185 sunt
615 2111 820 2208 provinciae
833 2112 939 2209 regni
959 2110 1154 2207 Subalpini
1170 2113 1278 2196 ;dum
1294 2131 1331 2184 et
1347 2110 1499 2208 reliquae

241 2233 414 2331 regiones
435 2229 612 2315 Italiae,ut
627 2255 661 2303 v.
677 2254 712 2327 g.
731 2248 856 2325 partes
872 2229 1121 2327 Legationum
1138 2255 1204 2326 per
1222 2230 1498 2327 conspiratores

244 2353 614 2425 Franco-muratores
627 2347 747 2446 magis
767 2347 962 2445 magisque
981 2346 1176 2445 disjunctae
1192 2347 1500 2447 suntalegitimis

245 2467 478 2564 Principibus
496 2464 583 2554 suis,
605 2464 739 2538 silente
754 2465 907 2561 quidem
923 2464 1055 2552 Gallia,
1071 2465 1267 2543 silentibus
1287 2467 1500 2542 nationibus

240 2587 333 2664 salso
347 2585 528 2685 principio
548 2584 933 2658 non-interventionis
948 2584 1129 2680 insopitis
1199 2637 1202 2644 -

294 2739 346 2801 15.
367 2723 525 2797 lneunte
544 2721 597 2795 sic
623 2744 723 2794 anno
748 2723 843 2794 1860
862 2719 898 2794 in
927 2720 1051 2794 medio
1080 2719 1327 2818 periculorum
1348 2720 1509 2817 relictus-

240 2843 340 2921 solus
359 2860 397 2917 et
416 2839 616 2939 perditioni
635 2857 747 2913 certae
768 2839 911 2913 medios
937 2838 1034 2913 inter
1052 2837 1173 2913 novos
1193 2839 1373 2915 barbaros
1393 2840 1495 2927 istos,

244 2961 487 3037 Beatissimus
514 2958 624 3032 Pater
642 2957 754 3030 anxie
780 2956 1082 3053 circumspiciens
1105 2958 1296 3054 Europam
1316 2959 1440 3033 denuo
1460 2959 1496 3032 in

239 3079 464 3177 adjutorium
484 3103 591 3151 suum
607 3076 806 3162 advocans,
818 3074 957 3149 nullum
983 3075 1134 3150 tandem
1155 3077 1297 3151 invenit
1316 3077 1496 3174 Pepinum
1531 3074 1534 3079 ’

241 3199 300 3274 vel
316 3197 492 3273 Carolum
516 3196 700 3294 Magnum
720 3194 783 3292 qui
802 3219 913 3291 opem
947 3195 1015 3291 ipsi
1035 3194 1195 3280 afferret,
1212 3194 1280 3269 sed
1292 3220 1497 3293 generosos

241 3318 395 3393 intuitus
413 3333 470 3390 est
489 3315 534 3387 ad
561 3339 609 3411 se!
621 3312 821 3386 convolare
840 3312 1005 3409 undique
1023 3312 1226 3387 catholicos
1244 3315 1418 3411 juvenes,
1434 3314 1497 3410 qui

240 3439 335 3511 duce
353 3435 503 3510 heroico
516 3429 766 3506 Lamoriciere
780 3430 1061 3504 dilectissimum
1076 3432 1224 3504 Patrem
1239 3431 1494 3507 defenderent.

242 3556 314 3630 Ast
349 3552 439 3652 quid
480 3576 612 3624 manus
649 3553 768 3624 18000
805 3549 962 3622 militum
1007 3566 1136 3622 eontra
1172 3549 1329 3624 selectas
1370 3552 1497 3649 copias

241 3697 379 3768 40,ooo
396 3689 622 3745 armatorum
642 3686 679 3742 et
699 3667 890 3742 rebellium
913 3667 1066 3765 insuper
1094 3668 1294 3742 catervas?

290 3794 1497 3900 lgituracopiisSardiniaeduceipsomassoneCialdini,gloriose

240 3919 362 3995 obruti
381 3933 467 3990 sunt
486 3932 523 3988 et
542 3913 688 4011 plurimi
708 3912 819 3986 occisi
840 3912 876 3985 in
897 3911 1171 3987 Castelfidardo
1185 3912 1245 3987 die
1266 3917 1308 3987 18
1323 3915 1495 4012 Septem·

241 4040 316 4114 bris
349 4040 452 4110 1860.
478 4033 528 4107 Et
558 4033 710 4127 insuper
738 4048 778 4104 ut
807 4030 948 4105 facilius
980 4032 1027 4105 de
1065 4030 1213 4105 heroica
1246 4031 1314 4106 hac
1347 4033 1497 4131 legione

241 4155 513 4252 triumpharent
532 4168 660 4224 notum
681 4168 738 4223 est
761 4148 974 4223 Massiones
993 4174 1076 4223 eam
1097 4148 1198 4246 prius
1223 4169 1346 4224 astute
1362 4153 1495 4247 partim

240 4273 461 4371 corrupisse,
482 4269 576 4343 clam
597 4268 868 4342 introducendo
898 4267 994 4341 inter
1025 4292 1090 4341 eos
1122 4267 1286 4363 perfidos
1318 4270 1496 4343 commili-

240 4413 349 4470 tones
366 4412 404 4467 et
423 4389 642 4489 proditores,
659 4386 731 4484 qui,
750 4386 873 4459 media
889 4386 924 4459 in
945 4411 1072 4483 pugna
1094 4385 1152 4493 vel
1175 4386 1299 4484 lugam
1320 4408 1497 4484 caperent

240 4531 277 4588 ot
306 4511 398 4588 alios
434 4509 487 4583 sic
524 4505 698 4581 militese
723 4503 851 4601 praelio
876 4503 1114 4589 abducerent,
1146 4505 1205 4578 vel
1226 4506 1294 4602 ipsi
1324 4509 1496 4604 proprios

240 4657 328 4707 suos
364 4631 478 4705 duces
508 4623 733 4702 occiderent.
755 4622 818 4699 Sic
848 4621 982 4698 nobilis
1004 4621 1185 4696 Pimodan
1218 4625 1392 4701 occubuit
1422 4650 1496 4701 non
