3496 5482
246 460 792 471 ——-—.-—.----————--—-
804 459 843 465 --.
859 459 1018 466 ——.--
1034 460 1068 465 .-.
1096 460 1157 467 --
1179 461 1266 468 ...-...-
1285 462 1498 471 —.--—-—-

704 521 825 573 INDEX
853 522 1032 574 CAPITUM.
1423 526 1497 594 419

243 625 414 633 ....——-—
438 626 568 633 --.----
588 627 730 634 -·-—-.
755 628 779 633 -.
863 628 893 633 .-.
915 627 1088 635 -—-——
1291 630 1373 636 -..-
1404 630 1479 635 -..—..

362 699 381 732 r.
398 685 543 732 Exercitlum
552 685 672 731 Primatus
682 685 780 744 requirit
791 693 815 731 et
825 685 962 731 exercitium
974 686 1132 731 immunitatis
1143 687 1283 732 omnimode
1293 686 1382 744 perfec-

328 773 387 818 tum,
396 766 411 811 i.
422 779 441 812 e.
451 773 588 823 exemptum
599 778 614 809 a
624 778 778 824 quacumque
786 765 1024 823 iaicajurisdictione.
1035 790 1064 797 -
1073 777 1093 809 2.
1103 764 1177 820 Quod
1188 765 1294 810 Ecclesia
1305 764 1381 810 decia·

328 842 387 887 ravit
399 841 513 887 indirecte
530 855 573 899 per
589 841 690 886 concilia
700 854 757 898 quae
770 842 943 887 damnaverunt
960 853 1002 885 eos
1019 841 1062 898 qui
1079 841 1191 885 volebant
1209 840 1341 897 temporale
1356 840 1380 884 S.

328 917 397 964 Sedis
409 918 549 963 Dominium
561 918 688 962 destruere.
699 941 727 950 -
734 931 755 974 a
770 917 905 962 Declaravit
913 917 1002 962 directe
1012 930 1054 973 per
1066 917 1192 962 Pontifices
1203 930 1266 966 suos.
1280 928 1380 973 praeser·

329 993 370 1039 tim
382 1006 425 1051 per
437 994 505 1039 Pium
514 992 569 1037 Vll.
581 1018 609 1025 -
617 1006 637 1048 4.
649 992 718 1037 Pium
730 992 773 1037 IX.
784 1017 814 1025 -
825 1004 845 1050 5.
856 992 886 1037 Et
899 992 1004 1037 Leonem
1013 991 1084 1036 XIII.
1094 1017 1123 1024 —
1134 992 1235 1038 elides
1244 990 1383 1036 adhibenda

328 1078 364 1116 est
380 1070 449 1115 dictis
467 1069 585 1127 Papamm
602 1069 626 1113 in
644 1069 690 1114 hac
708 1082 781 1114 eausa
797 1082 848 1115 sua
866 1093 895 1101 -
910 1083 932 1124 7.
946 1067 1036 1113 Eorum
1055 1069 1217 1113 testimonium
1229 1068 1383 1113 confirmatur

327 1146 359 1189 ab
370 1146 502 1202 Episcopis.
518 1168 546 1178 -
556 1147 577 1189 8.
592 1144 686 1189 Veritas
702 1144 805 1189 revelata
815 1144 924 1193 liabetur.
938 1153 988 1189 tum
998 1144 1037 1201 jus
1054 1144 1211 1190 immunitatis
1229 1144 1312 1201 Papae,
1331 1151 1381 1188 tum

326 1221 365 1277 jus
374 1221 406 1265 ad
419 1221 497 1266 media
507 1221 558 1277 eius
569 1220 622 1264 usui
633 1221 774 1265 necessaria.
788 1219 854 1275 Quid
866 1220 897 1265 de
908 1220 1020 1278 praesenti
1032 1221 1171 1265 necessitate
1183 1220 1321 1277 temporalis
1333 1220 1381 1263 Do·

328 1296 410 1341 minii?
420 1321 449 1329 —
459 1311 480 1351 9.
492 1296 552 1341 Sunt
561 1297 672 1341 veritates
680 1296 808 1341 credendae
820 1295 867 1340 tide
879 1295 1000 1345 infallibili.
1011 1296 1092 1340 innixa
1099 1296 1236 1341 auctoritati
1249 1295 1363 1339 Ecclesiae
1375 1309 1379 1338 :

327 1371 512 1428 compatibilitas
522 1372 596 1417 civilis
612 1371 762 1428 Principatus
772 1382 827 1416 cum
840 1371 946 1416 Primatu
957 1372 1073 1428 spirituali
1086 1385 1130 1421 ;-
1144 1371 1309 1416 convenientia
1320 1369 1382 1414 illius

329 1471 355 1479 -
367 1454 391 1492 et
403 1447 532 1491 necessitas
541 1447 564 1491 in
577 1446 689 1503 praesenti
701 1459 779 1491 rerum
790 1447 881 1491 ordine.
892 1471 921 1478 -
934 1460 967 1492 ro.
980 1446 1085 1491 inaniter
1093 1447 1204 1503 objicitur
1214 1454 1291 1491 status
1301 1445 1381 1490 Eccle-

328 1521 371 1566 siae
382 1534 424 1578 per
434 1528 489 1566 octo
504 1521 583 1579 priora
594 1522 691 1567 saecula
710 1546 740 1554 —
753 1536 786 1567 rr.
805 1521 943 1567 Necessitas
956 1522 1060 1568 Dominii
1073 1522 1211 1580 temporalis
1227 1521 1383 1567 confirmatur

327 1613 356 1644 ex
374 1600 533 1645 incommodis
549 1613 606 1658 quae
624 1600 734 1645 oriuntur
750 1601 841 1658 exejus
858 1600 1007 1658 spoliatione
1022 1626 1051 1633 -
1070 1613 1102 1644 12.
1124 1599 1287 1645 Confirmatur
1304 1607 1328 1644 et
1339 1612 1382 1656 per

329 1674 462 1721 historiam.

240 1830 379 1882 CAPUT
395 1831 448 1879 lv.
464 1855 497 1864 —
510 1825 672 1894 justissima
686 1837 729 1880 est
743 1824 887 1894 possessio
902 1825 1080 1895 Principatus
1091 1825 1182 1880 civilis
1200 1826 1227 1880 S.
1249 1824 1332 1880 Sedis
1346 1841 1409 1879 curn

310 1913 346 1968 sit
359 1913 496 1981 singulari
510 1913 629 1966 consilio
644 1913 758 1967 Divinae
773 1913 961 1967 Providentiae
979 1913 1126 1968 referenda
1464 1909 1499 1978 69

359 2056 378 2088 r.
390 2043 563 2101 Antiquissima
573 2050 628 2088 sunt
639 2043 690 2100 ejus
701 2043 773 2088 initia.
787 2068 816 2076 -
826 2057 848 2088 2.
861 2042 980 2101 Legitima
991 2051 1026 2088 est
1033 2045 1084 2100 ejus
1094 2043 1221 2101 acquisitio
1230 2051 1253 2087 et
1261 2041 1381 2100 possessio

329 2118 420 2165 rationo
431 2118 573 2164 habitatum
584 2119 732 2164 admirabilis
749 2120 912 2177 dispositionIs
924 2119 1090 2169 Providentiae,
1104 2129 1155 2164 tum
1173 2119 1254 2177 legum
1265 2118 1380 2163 humana-

328 2209 387 2241 rum.
402 2219 430 2228 —-
441 2209 461 2252 3.
477 2194 585 2239 Historia
595 2194 730 2240 ostenditur
745 2194 809 2239 hunc
822 2195 984 2252 Principatum
1001 2200 1119 2252 occeptum
1131 2196 1212 2252 potIus
1223 2195 1296 2240 luisse
1306 2206 1379 2252 quarn

328 2271 463 2329 quaesitum.
476 2294 507 2304 -
516 2286 538 2326 4.
559 2271 616 2328 Ejus
627 2271 766 2316 constitutio
778 2270 861 2315 linaiis.
879 2295 907 2302 -
917 2282 937 2328 5.
952 2270 1016 2324 Quid
1036 2270 1081 2314 hnc
1099 2270 1122 2314 in
1135 2284 1159 2314 re
1170 2269 1219 2326 egit
1236 2270 1261 2315 B.
1279 2269 1380 2314 Carolus

328 2347 440 2405 Magnus.
455 2372 483 2379 -
491 2348 511 2391 6.
529 2347 678 2391 Donationes
689 2347 869 2403 subsequentes.
884 2370 913 2378 —
923 2360 944 2402 7.
958 2346 1104 2391 Conclusio:
1116 2358 1164 2390 non
1174 2346 1245 2390 dantur
1257 2344 1379 2403 Principa-

328 2432 368 2470 tus
378 2424 452 2469 civilis
462 2424 523 2469 ullus
532 2424 595 2470 adeo
607 2424 734 2482 legitimus.
748 2423 868 2482 possessio
879 2422 928 2469 ulla
938 2425 1000 2468 adeo
1008 2424 1079 2481 justa.

240 2582 380 2633 CAPUT
395 2584 430 2631 v.
446 2608 481 2617 -
494 2579 581 2633 Sacer
594 2579 623 2633 fit
636 2578 739 2635 exinde
750 2579 929 2649 Principatus
939 2578 1029 2634 civilis
1042 2580 1071 2634 S.
1086 2578 1232 2635 Ecclesiae.
1248 2578 1410 2633 Sacratissi-

311 2666 770 2736 maestquoqueRomapapalis
1465 2664 1498 2733 85

360 2810 377 2839 1.
391 2797 465 2841 Sacra
476 2796 529 2842 baee
540 2798 660 2854 possessio
676 2798 733 2855 quia
744 2811 808 2843 nunc
825 2797 956 2843 necessarie
973 2798 1040 2842 unita
1050 2797 1186 2842 auctoritati
1205 2809 1281 2842 sacrae
1292 2796 1380 2841 summi

330 2872 455 2918 Pontificis.
469 2897 499 2905 -
510 2887 529 2919 2
544 2874 617 2919 Sacra
629 2874 652 2918 in
664 2875 756 2931 origine
767 2888 817 2925 sua.
831 2887 888 2932 quae
898 2882 993 2919 constat
1003 2888 1031 2917 ex
1043 2874 1220 2919 donati0nibus.
1234 2897 1263 2905 -
1274 2886 1295 2930 3.
1309 2872 1382 2917 Stncra

328 2958 425 3008 propter
435 2950 551 2995 beneficia
562 2951 670 2996 societati
680 2951 740 2996 civili
752 2952 867 3009 praestita.
877 2976 907 2984 -
915 2967 936 3008 a.
950 2954 1024 2996 Sacra
1035 2960 1132 3009 propter
1143 2952 1271 2997 duodecim
1282 2950 1382 2995 seculo

329 3038 380 3069 rum
400 3026 614 3083 praescriptionem.
634 3051 662 3058 -
682 3038 701 3083 5.
718 3027 782 3071 Hine
793 3027 874 3084 magni
886 3040 980 3084 semper
991 3028 1079 3072 exstitit
1092 3026 1247 3072 Pontificibus
1257 3033 1281 3071 ct
1295 3025 1381 3071 Conci-

328 3100 364 3145 liis
374 3100 428 3146 haec
438 3102 565 3158 possessio.
579 3126 607 3133 -
619 3103 639 3146 6.
656 3102 718 3146 llaec
729 3103 810 3147 onmia
828 3102 953 3159 speciatim
964 3110 987 3146 et
998 3103 1085 3159 potiori
1099 3103 1152 3159 J'ure
1163 3103 1194 3146 de
1213 3102 1280 3146 Urbe
1290 3109 1382 3146 aeterna

330 3174 408 3220 Roma
418 3176 504 3227 valent,
517 3190 573 3234 qum
585 3177 685 3234 imperio
698 3177 834 3222 Universali
853 3177 968 3223 divinitus
979 3177 1023 3222 luit
1039 3178 1218 3234 praedestinata.
1231 3202 1261 3210 -
1271 3191 1292 3233 7.
1306 3177 1381 3233 Cujus

328 3260 403 3295 sortes
412 3264 506 3309 semper
517 3265 571 3297 cum
583 3253 687 3297 sortibus
698 3253 785 3298 Vicarii
797 3252 885 3298 Christi
905 3262 960 3297 sunt
971 3253 1059 3310 ligatae.
1081 3278 1111 3285 -
1126 3255 1147 3298 ii.
1161 3254 1182 3297 A
1193 3266 1243 3311 quo
1253 3265 1348 3309 semper
1358 3260 1381 3296 et

328 3325 432 3372 maxima
441 3329 534 3385 accepit
545 3328 667 3373 lieneiicIa.
681 3353 709 3360 -
721 3342 742 3385 9.
756 3328 922 3373 sacratissima
932 3338 968 3372 est
982 3328 1058 3373 Roma
1068 3336 1093 3372 ut
1102 3337 1175 3384 caput
1183 3327 1254 3373 Orbis
1261 3326 1380 3377 catholici,

327 3410 353 3446 ut
364 3411 472 3448 centrum
483 3404 614 3460 spiritualis
623 3404 744 3449 societatis
754 3404 874 3449 Ecclesiae.
887 3428 913 3436 -
929 3418 961 3448 10.
975 3404 1141 3448 sacratissima
1152 3412 1249 3461 propter
1256 3401 1383 3459 sepulchra

328 3476 502 3535 Apostolorum
516 3479 576 3523 Petri
588 3487 611 3523 et
624 3479 698 3524 Pauli.
713 3504 742 3512 -
755 3493 787 3524 rr.
805 3479 834 3523 lit
843 3478 945 3524 aliorum
954 3479 1052 3524 millium
1064 3487 1209 3524 sanctorum.
1221 3502 1250 3512 -
1261 3491 1294 3523 12.
1308 3478 1382 3534 Prop-

327 3561 363 3599 ter
372 3555 526 3612 splendorem
538 3555 622 3600 cultus.
637 3569 708 3613 -13·
725 3555 824 3613 Propter
834 3555 1018 3600 innumerabilia
1029 3556 1075 3600 alia
1084 3555 1171 3613 capita.
1182 3579 1211 3586 —
1225 3568 1257 3610 ¹4·
1278 3554 1381 3598 Demum

328 3631 443 3675 sanctitas
452 3630 538 3675 Rornae
549 3639 615 3688 patet
628 3632 663 3675 vel
678 3645 707 3676 ex
718 3632 775 3677 odio
791 3631 942 3676 inimieorum
954 3631 998 3675 Dei
1012 3631 1037 3675 in
1048 3644 1109 3676 earn.
1118 3655 1147 3663 -·
1157 3644 1191 3688 15.
1205 3630 1240 3676 Sit
1251 3629 1383 3675 Vaticanus

329 3706 400 3751 nobis
411 3706 486 3752 instar
497 3707 585 3752 montis
596 3707 662 3752 Sion.

683 3876 801 3935 PARS
824 3875 1059 3936 SECUNDA.

329 4034 377 4083 De
396 4035 567 4096 principiis
587 4036 880 4098 deorganisatlonis
898 4036 1034 4091 socialis,
1057 4046 1131 4095 quae
1153 4035 1188 4082 ln
1208 4035 1410 4084 eversionem

462 4133 609 4181 Dominil
630 4133 820 4191 temporalis
840 4132 868 4179 S.
890 4131 982 4180 Sedis
1000 4131 1283 4191 conspiraverunt.

240 4301 382 4353 CAPUT
397 4303 449 4350 Vl.
468 4327 499 4336 -
514 4299 638 4366 Quinam
654 4310 718 4353 sunt
734 4299 886 4353 Massones
899 4297 953 4366 isti,
967 4298 1054 4369 quiin
1068 4297 1184 4352 exitium
1199 4297 1326 4353 DomInii
1340 4309 1409 4353 tem·

312 4382 416 4451 poralis
431 4385 685 4454 conspiraverunt?
699 4415 732 4424 —
746 4388 831 4440 Secta
844 4402 951 4454 eorum,
962 4385 1080 4455 gravida
1093 4385 1170 4439 omni
1181 4402 1275 4440 errore
1288 4403 1321 4440 ac
1335 4386 1410 4440 civili

313 4468 461 4538 seditione,
475 4473 712 4528 nonobstantibus
734 4473 904 4527 Pontificum
925 4474 1041 4527 monitis
1055 4474 1221 4528 societatem
1242 4473 1297 4528 late
1311 4490 1408 4543 perva-

312 4556 392 4627 dens,
414 4576 477 4615 eam
503 4562 720 4633 Ecclesiamque
746 4573 880 4629 evertere,
906 4574 991 4634 atque
1013 4562 1186 4617 horrendum
1211 4561 1409 4633 paganismum

314 4646 631 4704 reducereconatur...
1450 4665 1495 4704 rot
