3496 5482
1245 489 1584 498 *ffi—

331 532 400 600 116
737 547 829 598 Para
856 548 915 597 srr
943 548 1017 597 nex
1047 550 1175 599 noun.

325 712 515 812 religionis
527 729 564 787 et
578 730 691 786 sectae
709 707 1074 798 homines,affectata
1088 714 1250 811 quadam
1265 713 1431 787 contenti
1444 713 1580 787 hones-

327 830 413 905 tatis
433 829 610 905 naturalis
628 827 763 926 specie,
784 846 887 903 arcto
906 855 1013 928 aeque
1032 856 1073 904 ac
1094 829 1275 926 impervio
1295 829 1436 904 loedere
1455 855 1585 904 secun-

327 949 415 1022 dum
445 947 549 1047 leges
581 965 619 1022 et
653 964 793 1021 statuta
823 947 893 1021 sibi
929 948 1082 1021 condita
1117 949 1276 1023 invicem
1311 949 1581 1034 consociantur,

325 1092 484 1165 quaeque
503 1065 612 1140 simul
627 1064 720 1139 clam
734 1082 945 1162 operantur,
961 1083 1038 1139 tum
1054 1066 1221 1141 districto
1235 1066 1490 1166 jurejurando
1505 1085 1583 1141 turn

324 1186 496 1286 gravium
519 1209 715 1282 poenarum
744 1184 1046 1285 exaggeratione,
1074 1185 1277 1260 inviolabili
1305 1186 1453 1260 silentio
1478 1186 1581 1261 obte-

327 1328 418 1402 gere
436 1303 731 1402 adstringuntur.

379 1447 398 1476 “
420 1437 504 1511 Nos
524 1436 659 1534 itaque,
680 1434 806 1509 animo
842 1435 1061 1512 evolventes
1091 1438 1316 1537 gravissima
1334 1438 1479 1524 damna,
1500 1465 1584 1537 quae

326 1574 367 1631 ut
385 1554 584 1653 plurimum
614 1553 829 1652 hujusmodi
858 1554 1099 1629 societatibus
1126 1556 1341 1653 temporalis
1372 1556 1586 1653 reipublicae

327 1672 583 1771 tranquillitati
602 1690 640 1747 et
671 1670 851 1768 spirituali
882 1672 1088 1746 animarum
1121 1674 1230 1748 saluti
1251 1674 1517 1762 inferuntur,...
1539 1674 1586 1748 ad

327 1794 556 1881 latissimam,
577 1818 662 1890 quae
680 1792 937 1889 iniquitatibus
958 1793 1108 1891 impune
1136 1794 1326 1891 patrandis
1346 1794 1433 1868 inde
1452 1793 1585 1892 aperiri

327 1929 464 2008 posset,
485 1911 585 1984 viam
604 1909 882 1996 obstruendam,
903 1908 1058 2006 aliisque
1077 1912 1124 1985 de
1138 1913 1251 2010 justis
1282 1937 1324 1985 ac
1344 1909 1586 1986 rationalibus

325 2027 447 2102 causis
466 2028 573 2103 nobis
593 2028 701 2115 notiS,
720 2027 872 2103 easdem
891 2028 1089 2103 societates
1107 2029 1159 2102 de'
1180 2029 1293 2103 liberi
1303 2030 1507 2103 Muralori
1520 2056 1586 2104 seu

326 2147 658 2234 Francs-massom,
687 2172 734 2220 ex
764 2162 865 2220 certa
880 2146 1035 2220 scientia
1066 2173 1107 2220 ac
1141 2164 1285 2221 matura
1319 2145 1588 2222 deliberatione

328 2265 474 2354 nostris,
494 2265 617 2363 deque
635 2263 867 2363 Apostolicae
891 2265 1089 2362 potestatis
1112 2266 1354 2364 plenitudine,
1375 2266 1588 2341 damnanda

327 2400 366 2461 et
384 2383 617 2482 prohibenda
633 2409 719 2461 esse
738 2382 937 2457 statuimus
955 2401 994 2458 et
1012 2384 1246 2459 decerninus.

365 2527 402 2558 '“
423 2516 607 2615 Quocirca
620 2518 793 2592 omnibus
813 2534 850 2593 et
868 2517 1024 2616 singulis
1043 2518 1404 2593 Christifidelibus...
1422 2518 1588 2594 districte

328 2656 367 2715 et
385 2638 422 2712 in
437 2639 575 2713 virtute
587 2656 726 2713 sanctae
745 2638 971 2713 obedientiae
988 2638 1234 2736 praecipimus,
1251 2665 1297 2713 ne
1312 2639 1395 2737 quis
1415 2639 1484 2712 sub
1496 2664 1587 2736 quo·

326 2758 383 2832 vis
402 2774 586 2854 praetextu
605 2756 741 2831 audeat
759 2756 956 2855 praedictas
971 2757 1170 2830 societates
1184 2757 1275 2830 inire
1290 2755 1349 2830 vel
1366 2780 1586 2856 propagare,

326 2873 538 2962 confovere,
558 2901 600 2949 ac
619 2874 656 2948 in
675 2875 752 2949 suis
767 2874 910 2948 aedibus
938 2872 998 2948 vel
1018 2873 1190 2948 domibus
1210 2873 1269 2949 vel
1288 2873 1375 2948 alibi
1395 2893 1587 2971 receptare

325 3018 439 3099 atque
470 2999 665 3088 occultare,
700 3000 745 3074 iis
774 2999 944 3085 adscribi,
978 2999 1187 3098 aggregari,
1217 3017 1280 3073 aut
1312 2999 1503 3084 interesse,
1527 2995 1585 3070 vel

327 3136 553 3216 potestatem
570 3145 637 3193 seu
650 3118 955 3192 commoditatem
977 3116 1098 3190 lacere
1110 3134 1150 3190 ut
1161 3116 1295 3190 alicubi
1314 3133 1567 3191 convocentur
1578 3143 1586 3202 ;

327 3239 527 3313 —iisdem
547 3239 687 3336 aliquid
720 3239 939 3323 ministrare,
961 3238 1041 3312 sive
1072 3238 1162 3312 alias
1181 3239 1389 3326 consilium,
1410 3237 1588 3311 auxilium

327 3356 385 3431 vel
407 3356 574 3431 savorem
593 3382 746 3455 quoquo
779 3357 891 3431 modo
920 3376 1097 3454 praestare
1115 3383 1122 3442 ;
1141 3401 1186 3412 -
1222 3383 1366 3431 necnon
1394 3356 1486 3429 alios
1505 3355 1589 3428 hor-

329 3476 407 3564 tari,
427 3474 613 3563 inducere,
635 3502 839 3575 provocare
858 3495 921 3550 aut
940 3476 1097 3551 suadere
1117 3493 1156 3550 ut
1189 3476 1400 3574 hujusmodi
1433 3476 1588 3549 societa-

328 3596 427 3671 tibus
456 3598 724 3685 adscribantur,
758 3616 1059 3684 annumerentur,
1094 3623 1159 3670 seu
1192 3596 1372 3681 intersint,
1401 3593 1459 3668 vel
1490 3595 1589 3690 ipsas

327 3716 611 3815 quomodolibet
624 3718 760 3817 juvent
777 3747 785 3806 ;
804 3763 854 3775 -—
872 3718 938 3792 sed
958 3718 1111 3791 omnino
1128 3718 1175 3790 ab
1194 3717 1326 3790 iisdem
1344 3715 1533 3789 abstinere
1547 3739 1589 3788 se

327 3836 502 3925 debeant,
523 3839 593 3911 sub
612 3864 724 3936 poena
751 3824 1148 3911 excommunicationis
1177 3835 1258 3930 ipso
1286 3833 1384 3908 lacto
1401 3833 1590 3908 incurren·
1614 3902 1616 3904 .

328 3954 389 4042 da,
408 3981 430 4028 a
449 3981 523 4053 qua
542 3981 653 4030 nemo
672 3981 738 4053 per
756 3979 995 4053 quemquam,
1018 3953 1087 4027 nisi
1115 3978 1182 4049 per
1204 3954 1414 4025 Romanum
1437 3948 1589 4025 Pontifi-

329 4099 421 4160 cem,
442 4093 690 4172 praeterquam
711 4073 746 4146 in
767 4072 920 4147 articulo
940 4072 1070 4145 mortis
1088 4071 1323 4155 constitutus,
1344 4069 1589 4143 absolutionis

330 4191 551 4266 beneficium
571 4191 695 4265 valeat
714 4191 895 4265 obtinere.
918 4191 935 4218 ''

384 4325 560 4421 Denique
578 4324 742 4398 locorum
764 4324 985 4398 Ordinarios
1004 4323 1142 4398 excitat
1154 4322 1342 4397 Sanctitas
1362 4321 1440 4396 Sua
1459 4340 1500 4395 ut
1519 4346 1590 4418 pro

332 4446 518 4542 praedictae
545 4444 835 4519 Constitutionis
862 4445 1093 4530 executione,
1119 4444 1148 4516 si
1181 4469 1275 4540 opus
1306 4442 1424 4528 suerit,
1446 4439 1588 4515 brachii

331 4563 517 4637 saecularis
528 4563 706 4637 auxilium
722 4564 896 4638 invocare
912 4589 986 4637 non
1003 4560 1465 4661 praetermittant.Utinam
1483 4560 1590 4633 Prin·

330 4680 434 4778 cipes
466 4680 691 4778 temporales
722 4698 867 4755 mature
893 4681 990 4755 hanc
1021 4698 1237 4755 nascentem
1259 4704 1422 4778 anguem
1453 4677 1590 4751 contri-
