948 1556
206 227 239 246 172
410 227 457 239 PAPA
471 226 501 240 SIT
514 227 552 240 Rex
566 227 629 240 ROMAE.

203 268 256 292 cipiis
264 267 335 287 ordinis
345 272 365 286 et
375 267 426 292 pacis
435 266 509 286 socialis
520 273 580 288 verae,
591 267 635 286 illud
649 267 740 287 conflatur
751 268 835 287 violatio-

204 297 258 316 nibus
272 297 342 322 jurium
358 297 448 318 omnium,
458 296 591 315 rebellionibus
604 302 623 316 et
636 297 748 316 facinoribus
760 298 836 320 multis;

203 328 239 346 hoc
249 333 283 352 per
292 326 364 346 saecula
377 327 442 352 genuit
452 331 471 346 et
485 327 561 345 nutrivit
577 327 659 352 Europae
672 332 739 353 gentes
752 334 836 353 eousque

203 356 297 376 civilitatis
308 356 397 381 perduxit
404 363 442 381 quo
451 363 483 375 eas
492 356 601 381 pervenisse
610 357 703 376 cernimus
713 357 740 382 (¹).
755 362 784 376 ast
791 357 835 376 illud

203 393 214 405 a
219 387 249 405 die
255 393 292 411 qua
298 391 363 405 natum
370 391 399 405 est
405 393 429 405 ex
435 386 529 405 incredula
535 386 580 405 faece
585 386 646 405 saeculi
653 387 724 406 XVIll
732 387 836 412 petitinera

203 423 237 435 sua
251 416 314 435 ruinas
328 421 386 440 atque
400 416 515 435 calamitates
529 416 646 435 accumulare
656 416 716 435 visum
726 421 766 438 est:
775 417 835 436 donee

204 446 280 465 tandem
287 452 321 470 per
326 445 452 465 socialisrnum
459 446 530 465 Orbem
537 452 657 465 commovere
665 446 803 471 societatesque
812 446 835 465 ad

205 475 301 494 interitum
311 476 413 500 perducere
422 480 504 494 conetur.

229 505 301 524 Verum
311 505 409 524 enimvero
418 509 459 524 ruet
468 509 512 524 ante
518 504 618 523 christiana
625 511 646 523 ac
655 505 746 524 catholica
753 505 835 529 Europae

205 534 285 553 societas
294 541 351 559 quarn
362 539 449 554 nascetur
458 540 519 553 novus
528 540 589 553 rerum
602 534 649 553 ordo
659 540 757 559 novusque
766 534 835 553 substi-

205 564 447 589 tueturpaganismus.Quo
454 569 531 589 possent
537 564 639 589 praevalere
646 569 705 589 portae
711 564 765 584 inseri
771 569 835 583 contra

207 594 322 613 Ecclesiam!
331 594 370 613 Sed
381 594 421 613 haec
434 598 463 613 est
472 594 519 613 hora
531 594 674 613 tenebrarum...
689 594 787 613 llluceseet
796 594 837 612 dies

205 630 243 649 qua
257 624 363 649 periclitans
379 624 459 643 societas
475 624 562 643 clamabit
575 624 599 642 ad
614 623 731 646 Pontificem,
741 624 773 648 qui
789 624 837 649 regit

206 659 274 673 navem
284 654 334 673 Petri
342 660 346 673 :
353 654 441 676 Domine,
451 653 503 673 salva
510 660 549 675 nos,
557 653 644 678 perimus.
655 653 729 677 Quibus
738 658 758 672 et
767 653 837 672 addere

206 683 234 702 fas
241 683 276 702 erit
284 690 288 702 :

259 728 345 747 Christus
354 728 417 750 vincit,
428 727 514 747 Christus
524 732 594 753 regnat.
606 727 692 746 Christus
699 727 789 752 imperat!

449 759 500 784 Papa
509 759 533 778 sit
543 759 585 778 Rex
593 759 597 778 l

226 817 236 827 1.
243 814 261 827 G.
269 814 350 831 κυηιιμε
356 814 418 831 υηχςριιι
424 814 440 827 ‹te
446 813 461 827 ta
466 813 505 827 mu.
512 813 547 827 moa
