3496 5482
653 509 745 559 PAPA
772 510 831 560 SIT
859 510 932 560 REX
961 509 1088 561 Rom.

241 695 346 745 suam
382 669 537 768 gloriam
571 686 766 767 totumque
797 669 1028 768 praestigium
1059 667 1271 743 adscribere
1302 666 1425 753 debet,
1462 682 1502 740 et

242 789 347 887 cujus
367 788 532 886 reliquiae
550 787 741 872 hactenus,
762 787 874 862 etiam
893 804 1028 887 gentes
1042 811 1267 862 conservare
1285 801 1499 861 cernuntur.

246 907 332 980 Hoc
351 905 505 1004 antiquo
518 907 603 1004 jure
623 905 896 981 internationali
912 905 1018 980 inniti
1029 905 1257 1004 oportuisset
1270 904 1318 978 ad
1335 903 1501 980 conden-

241 1026 329 1100 dum
349 1024 508 1098 solidum
527 1051 569 1098 ac
588 1023 734 1098 firmum
754 1050 933 1123 regnum:
952 1025 1109 1126 singulae
1123 1024 1223 1101 enim
1238 1022 1367 1098 civiles
1381 1022 1501 1098 socie·

241 1162 347 1229 tates,
370 1142 471 1218 velut
491 1168 661 1240 personae
684 1142 854 1229 morales,
879 1145 949 1218 etsi
968 1143 1085 1218 altera
1103 1143 1152 1217 ab
1169 1141 1287 1217 altera
1312 1166 1386 1215 non
1405 1165 1498 1237 pen·

240 1263 336 1348 deat,
359 1280 397 1335 et
413 1261 603 1334 communi
634 1260 791 1358 imperio
823 1287 896 1336 non
916 1261 1169 1360 subjiciantur,
1202 1277 1327 1334 tamen
1345 1257 1500 1356 quibus·

240 1381 326 1454 dam
345 1379 475 1454 officiis
494 1398 532 1453 et
545 1378 690 1478 juribus
710 1378 870 1455 invicem
899 1378 1120 1480 colligantur
1136 1407 1144 1468 ;
1165 1403 1208 1452 ac
1226 1376 1384 1476 proinde
1403 1375 1502 1452 inter

242 1524 307 1574 eas
326 1496 453 1572 existit
481 1496 653 1594 quaedam
672 1498 896 1585 communio,
929 1525 996 1573 seu
1014 1497 1201 1572 socialitas
1232 1520 1317 1593 quae
1336 1495 1499 1568 interna·

241 1614 390 1691 tionalis
420 1613 636 1712 appellatur.
672 1615 799 1712 Atque
819 1616 855 1689 in
885 1616 1012 1712 primis
1031 1614 1152 1690 officia
1171 1634 1210 1689 et
1235 1614 1330 1712 jura,
1355 1637 1442 1710 quae
1459 1611 1499 1687 vi

243 1751 383 1807 naturae
401 1733 448 1806 ad
467 1733 666 1808 societates
684 1731 813 1807 civiles
837 1759 962 1808 secum
983 1733 1141 1807 invicem
1161 1749 1396 1829 comparatas
1415 1756 1500 1828 per·

241 1851 371 1936 tinent,
402 1851 572 1949 ejusdem
599 1850 749 1949 generis
780 1869 877 1936 sunt,
898 1877 941 1924 ac
971 1877 1026 1936 ea,
1047 1876 1133 1950 quae
1160 1850 1256 1925 inter
1284 1847 1501 1924 individuos

241 1969 432 2056 existunt;
462 1969 588 2066 itaque
630 1986 708 2042 tum
743 1969 790 2043 ad
833 1969 954 2044 officia
988 1968 1155 2067 justitiae,
1193 1992 1239 2042 ne
1276 1991 1351 2041 una
1391 1965 1500 2041 alteri

242 2089 361 2176 saciat,
395 2088 497 2187 quod
529 2089 598 2162 sibi
630 2087 709 2164 fieri
742 2088 843 2176 nolit,
878 2110 954 2164 tum
988 2090 1034 2164 ad
1068 2087 1189 2164 officia
1224 2084 1500 2162 benevolentiae

241 2229 375 2310 gentes
395 2209 490 2282 inter
507 2234 549 2283 se
568 2226 792 2306 comparatae
811 2228 986 2285 tenentur
1005 2208 1058 2310 (¹).
1085 2209 1162 2285 Sed
1181 2207 1299 2283 eheu!
1324 2208 1389 2307 jus
1408 2204 1498 2280 illud

243 2326 537 2412 internationale,
554 2329 616 2426 jus
638 2327 878 2402 christianum
900 2329 1116 2424 praesertim‚
1139 2326 1297 2424 pedibus
1315 2321 1498 2399 calcatum

243 2447 310 2522 luit
329 2473 396 2543 per
414 2447 578 2544 iniquam
599 2448 830 2524 invasionem
866 2450 1099 2546 Principatus
1117 2448 1157 2523 S.
1180 2446 1291 2521 Sedis
1321 2462 1359 2520 et
1380 2443 1499 2520 Urbis

241 2590 385 2641 necnon
406 2590 472 2662 per
489 2565 774 2662 applicationem
800 2567 929 2642 nelarii
949 2585 987 2642 et
1006 2565 1141 2642 funesti
1161 2564 1295 2663 placiti,
1315 2581 1356 2637 ut
1382 2562 1497 2648 aiunt,

243 2683 579 2759 non-interventus

296 2800 412 2876 Nullo
430 2827 522 2901 ergo
541 2805 669 2878 nititur
690 2805 775 2903 jure
795 2831 924 2881 recens
947 2803 1064 2879 ltaliae
1091 2792 1259 2903 regnum,
1290 2818 1354 2875 aut
1372 2798 1403 2874 si
1421 2823 1499 2897 quo

243 2921 410 2996 innixum
439 2922 594 3011 videtur,
609 2925 672 3022 jus
691 2943 748 2999 est
768 2924 948 2999 sactorum
976 2923 1257 3020 completorum,
1282 2920 1346 3019 jus
1363 2917 1498 2995 virium

242 3039 498 3126 materialium,
515 3041 577 3137 jus
590 3041 708 3138 plebis
729 3042 787 3116 vel
819 3041 1093 3127 nationalitatis,
1115 3058 1155 3115 ut
1173 3041 1286 3126 aiunt,
1314 3038 1377 3136 jus
1395 3035 1498 3134 quod

242 3183 310 3232 nec
329 3183 515 3257 paganum
538 3185 605 3234 nec
631 3160 872 3234 christianum
891 3186 1026 3236 vocare
1045 3160 1100 3234 sas
1132 3176 1245 3234 estet
1264 3154 1420 3253 proinde
1438 3171 1499 3228 est

241 3276 352 3350 labile
383 3295 421 3350 et
452 3276 600 3352 nullum.
638 3280 708 3353 Est
742 3279 842 3354 enim
874 3305 1015 3353 merum
1045 3277 1265 3378 figmentum
1293 3273 1497 3347 humanum

243 3418 310 3492 per
326 3412 466 3468 sectam
494 3395 713 3469 Massonum
733 3416 977 3493 procreatum.
1008 3396 1061 3470 Hi
1087 3396 1196 3481 enim,
1217 3394 1356 3492 quippe
1380 3407 1497 3464 totam

242 3512 460 3586 societatem
481 3512 644 3587 funditus
664 3534 834 3589 evertere
852 3533 890 3589 et
908 3516 956 3589 de
985 3540 1084 3589 novo
1103 3539 1229 3588 creare
1248 3510 1498 3595 intendentes,

243 3629 512 3704 humanitatem
532 3632 659 3728 ipsam,
689 3632 983 3730 humanioraque
1003 3658 1126 3707 mores
1156 3656 1199 3706 ac
1219 3626 1399 3727 principia
1418 3644 1498 3700 tan·

241 3773 353 3845 quam
376 3774 573 3823 commune
605 3749 792 3823 vinculum
822 3752 1043 3848 populorum
1073 3751 1392 3850 excogitaverunt,
1422 3770 1499 3844 quo

242 3893 362 3942 novus
391 3870 483 3942 ordo
515 3869 659 3943 socialis
679 3889 715 3944 et
748 3897 886 3945 novum
908 3874 970 3971 jus
990 3872 1180 3959 niteretur,
1213 3870 1283 3944 sub
1313 3868 1497 3946 libertate.

241 3985 453 4085 aequalitate
467 4005 504 4061 et
524 3987 753 4063 fraternitate
775 3989 911 4062 civium
932 3991 1191 4065 universorum
1211 3986 1265 4087 (²)
1294 3987 1367 4062 Ast
1385 4008 1498 4082 quarn

280 4194 304 4237 1.
324 4179 500 4251 Signoriello.
515 4214 547 4223 ·-
561 4185 629 4239 Elb.
643 4180 719 4255 spec,
736 4189 775 4257 11,
789 4205 850 4258 cap.
865 4200 1013 4255 2,a.xv11.

280 4274 304 4318 2
324 4260 341 4290 “
354 4262 383 4317 si
397 4262 560 4317 l¹humanitc
574 4263 633 4318 doit
653 4282 825 4336 progressu,
839 4269 918 4322 selon
939 4269 966 4322 la
979 4267 1093 4322 volonte
1107 4266 1145 4321 du
1167 4264 1394 4334 Cranii-Maltre,
1408 4263 1426 4319 il
1441 4263 1501 4320 lant

242 4356 298 4410 que
310 4341 352 4395 les
367 4341 447 4396 rieux
460 4342 670 4413 echalaudages
686 4347 852 4402 s'ecroulent
865 4347 962 4417 quand
975 4348 1040 4402 bien
1064 4348 1157 4402 meme
1170 4356 1263 4401 toules
1276 4345 1318 4400 les
1332 4343 1502 4415 puissauces

242 4420 279 4472 du
293 4421 398 4475 monde
412 4422 630 4477 s’efforceraient
644 4425 680 4478 de
694 4426 735 4479 les
749 4444 850 4481 sauver
861 4427 897 4481 de
910 4426 938 4481 la
951 4428 1037 4483 ruine.
1052 4428 1066 4455 ”

279 4499 296 4527 “
310 4501 348 4555 Le
362 4504 461 4557 travail
474 4503 511 4557 de
532 4503 637 4573 l’esprit
651 4505 686 4559 de
708 4506 837 4577 Pepoque
859 4523 895 4561 au
909 4508 1015 4578 temple
1036 4507 1072 4562 de
1086 4503 1249 4561 l’humanite
1271 4520 1307 4560 va
1319 4513 1503 4575 progressam

243 4594 310 4633 sans
323 4596 412 4636 cesse.
426 4583 440 4609 ’¹

280 4658 296 4688 “
311 4661 352 4717 La
361 4662 542 4735 magonnerie
557 4679 593 4720 ne
606 4664 666 4720 doit
676 4683 727 4736 pas
738 4684 768 4722 se
780 4666 910 4721 bornera
921 4666 1067 4738 inculquer
1075 4683 1129 4722 aux
1139 4664 1227 4721 ireres
1236 4663 1289 4722 des
1299 4664 1378 4721 idees
1386 4660 1504 4720 tuoites
