3496 5482
445 475 503 480 ...-.
622 471 799 479 -ι--ι--ι

541 536 664 589 entur
689 535 869 587 nncruuru
897 535 1091 599 Qururun.
1374 531 1444 606 355

186 717 354 783 nostrum
374 714 431 773 est
449 696 668 771 adlaborare
686 695 911 769 restitutioni
930 693 1155 792 hujusmodi,
1169 719 1253 792 quae
1283 711 1323 767 ut
1356 716 1444 766 vera

185 817 370 894 restitutio
396 816 493 917 juris
522 835 560 891 et
578 816 718 891 ordinis
737 815 865 890 haberi
886 816 1004 911 possit
1022 815 1201 913 cujusque
1220 815 1360 889 sructus
1378 812 1445 888 ob·

185 937 338 1011 veniant
356 935 525 1010 societati
546 931 739 1009 universaess
768 932 857 1007 Non
880 931 986 1008 aliter
1015 951 1143 1007 censet
1172 929 1445 1029 perspicacissi-

185 1081 268 1128 mus
294 1080 337 1128 ac
366 1053 677 1152 prudentissimus
699 1051 873 1126 Pontifex
893 1069 1020 1127 noster
1054 1053 1133 1126 Leo
1153 1051 1272 1137 XIII,
1304 1076 1371 1125 nec
1398 1049 1447 1122 ab

185 1173 266 1270 ejus
298 1198 429 1246 norma
465 1197 534 1247 nos
568 1171 762 1245 discedere
787 1169 897 1244 licet:
932 1170 1056 1269 agitur
1091 1170 1201 1256 enim,
1233 1187 1273 1243 ut
1308 1168 1446 1265 saepius

185 1290 357 1377 diximus,
392 1289 440 1364 de
472 1315 511 1364 re
543 1287 817 1364 internationali
851 1289 1017 1385 Europae
1047 1286 1156 1361 simul
1193 1305 1230 1361 et
1267 1285 1445 1361 nationali

188 1407 316 1495 Italiae,
336 1433 410 1506 qua
429 1407 586 1505 proinde
605 1408 641 1480 in
661 1432 773 1481 causa
791 1424 829 1480 et
846 1405 1038 1502 Europam
1058 1423 1096 1480 et
1119 1404 1264 1480 Italiam
1284 1405 1446 1481 interve·

187 1528 267 1602 nire
285 1543 443 1622 oportet.

74 1718 80 1728 ,
193 1678 198 1686 ·
233 1643 359 1718 Verba
370 1643 607 1718 attendamus
625 1641 814 1717 Pontificis
829 1643 942 1717 anxie
954 1641 1214 1738 prospicientis
1228 1641 1446 1740 resipiscen-

185 1765 273 1838 tiam
293 1762 419 1849 ltaliae,
440 1762 758 1862 quemadmodum
778 1763 898 1837 bonus
917 1761 1187 1837 Paterfamilias
1207 1762 1366 1836 reditum
1382 1763 1445 1839 filii

185 1883 243 1957 sui
263 1882 421 1982 prodigi.

238 2011 259 2038 ‘⁶
279 1999 392 2095 Quod
413 2000 545 2099 magis,
572 2000 633 2087 ait,
658 2000 741 2074 Nos
770 2018 984 2074 commovet
999 2017 1036 2072 et
1066 1999 1181 2098 angit,
1211 2017 1269 2073 est
1288 2000 1445 2075 evidens

185 2119 299 2191 animi
318 2118 550 2214 propositum
570 2136 752 2215 perpetuo
771 2116 1023 2215 prosequendi
1043 2116 1297 2214 potiusquam
1327 2119 1446 2194 amice
1551 2116 1556 2120 ⁴

185 2235 435 2332 componendi
453 2235 678 2321 conflictum,
698 2235 802 2308 cuius
822 2233 1056 2310 tristissimos
1075 2235 1231 2309 effectus
1251 2259 1446 2310 recensere

187 2379 298 2427 nemo
318 2371 443 2449 potest
462 2349 515 2451 (¹).
538 2353 556 2378 ”

239 2469 392 2569 Flagrat
420 2495 512 2568 ergo
540 2495 604 2545 cor
633 2488 828 2567 paternum
860 2470 999 2544 Leonis
1018 2469 1124 2543 XIII
1158 2487 1197 2543 ut
1224 2469 1343 2544 amice
1361 2495 1445 2544 cum

192 2586 298 2663 Italia
322 2587 534 2662 conflictum
565 2605 777 2685 componat.
801 2587 957 2662 Utinam
978 2592 1073 2686 ‘ergo
1091 2587 1314 2686 gubernium
1334 2588 1443 2674 istud,

188 2726 377 2807 tamquam
396 2708 493 2782 filius
512 2707 572 2783 ille
590 2709 780 2807 prodigus,
804 2726 974 2807 egestate
992 2706 1207 2806 compulsus
1227 2727 1263 2781 et
1284 2733 1330 2783 ne
1349 2707 1447 2782 same

188 2827 355 2911 intereat,
378 2827 529 2901 tandem
548 2826 595 2899 ad
617 2826 764 2900 Patrem
784 2852 892 2899 suum
920 2826 1108 2922 poenitens
1129 2824 1279 2899 redeat!
1302 2825 1448 2923 Ecquid

189 2969 263 3018 non
291 2963 419 3041 posset
449 2944 547 3018 hunc
567 2945 602 3017 in
623 2969 776 3018 sensum
795 2969 1020 3042 congressus
1051 2942 1276 3040 Europaeus!
1307 2943 1448 3019 Nonne

189 3062 351 3135 maxime
369 3062 535 3135 omnium
560 3061 736 3137 Italorum
749 3059 793 3161 (²)
808 3062 1044 3136 cordatorum
1065 3061 1263 3135 interesset
1281 3060 1352 3136 hoc
1367 3087 1448 3157 per·

189 3203 358 3277 spectum
378 3181 527 3267 habere,
542 3179 745 3253 catholicos
765 3179 941 3278 ipsosque
953 3179 1138 3279 genuinos
1157 3178 1271 3254 Italos
1286 3178 1448 3276 pacificis

189 3297 344 3373 animari
362 3297 533 3372 sensibus
552 3316 590 3371 et
609 3296 757 3370 nonnisi
775 3297 856 3395 paci
871 3315 909 3373 et
929 3296 1173 3372 incolumitati
1193 3296 1309 3394 ipsius
1332 3293 1449 3371 Italiae

191 3416 334 3491 inhiare
349 3417 364 3491 ?

240 3533 310 3607 Vel
342 3534 516 3632 componi
545 3552 700 3631 possent
728 3560 787 3609 res
818 3534 959 3610 directe
989 3560 1073 3609 cum
1104 3534 1141 3608 S.
1164 3534 1266 3609 Sede
1293 3534 1341 3608 ab
1368 3533 1450 3631 ipso

189 3651 373 3749 gubernio
396 3650 541 3738 Italico;
562 3677 635 3725 non
654 3653 806 3750 quidem
826 3679 848 3726 a
865 3653 1049 3751 gubernio
1064 3653 1257 3739 hodierno,
1279 3653 1315 3725 in
1335 3652 1451 3726 servi·

190 3786 308 3842 tutem
340 3788 451 3843 sectae
471 3770 635 3856 reducto,
656 3768 723 3844 sed
753 3771 801 3844 ab
824 3767 897 3844 ali'o
914 3771 1110 3870 gubernio,
1130 3771 1231 3868 quod
1251 3795 1449 3868 personam

198 3909 270 3915 ——.
278 3909 459 3915 ----—-—.
468 3909 1448 3918 ————————-—-———-——————.—-

229 3975 252 4014 r.
272 3960 362 4031 Epist.
376 3963 413 4016 ad
428 3963 512 4018 Card.
527 3963 687 4033 RampoIIa‚
702 3979 736 4031 24
750 3964 826 4033 Sept.
844 3963 920 4033 1895.

228 4056 251 4093 2.
272 4043 288 4066 “
302 4042 346 4094 Ou
360 4043 426 4096 bien
440 4043 465 4096 le
478 4060 701 4112 gouvernement
716 4044 862 4112 Subalpin‚
877 4044 978 4098 vaincu
993 4062 1043 4113 par
1056 4061 1093 4097 un
1112 4057 1294 4097 mouvement
1306 4041 1452 4112 d'opinion

192 4120 229 4185 du
243 4121 345 4189 peuple
365 4121 462 4175 itaIIen
484 4131 513 4176 et
534 4121 586 4176 des
607 4122 784 4192 cathoIIques
805 4122 840 4177 de
861 4134 925 4177 tous
947 4140 1026 4194 pays,
1049 4139 1205 4177 renoncera
1218 4123 1235 4174 a
1248 4139 1280 4176 sa
1293 4121 1453 4191 pretention

191 4200 388 4254 insoutenable
401 4201 438 4255 de
451 4200 541 4269 regler
554 4203 614 4255 seul
629 4202 669 4255 les
682 4202 826 4256 destinees
840 4202 875 4255 de
894 4203 921 4256 Ia
937 4202 1071 4272 Papaute,
1085 4202 1121 4256 de
1134 4201 1298 4256 consideret
1311 4201 1338 4254 la
1351 4200 1387 4254 Ioi
1401 4201 1453 4255 des

192 4278 335 4348 garanties
345 4296 457 4334 comme
471 4296 521 4334 son
533 4280 645 4335 dernier
659 4292 725 4335 mot.
739 4281 761 4333 II
775 4283 954 4335 reconnaltra
968 4281 1042 4335 enfin
1057 4298 1111 4350 que
1125 4280 1166 4334 les
1179 4280 1341 4335 conditione
1354 4280 1453 4334 d'exis·

192 4369 274 4412 tence
287 4358 325 4411 du
344 4359 411 4413 chef
421 4359 457 4412 de
470 4359 497 4413 la
510 4359 671 4415 cathoIIcite
685 4360 800 4415 doivent
814 4361 873 4415 etre
887 4361 1045 4429 derrantes,
1059 4360 1176 4414 d‘abord
1190 4376 1259 4414 avec
1272 4361 1298 4414 Ie
1313 4360 1390 4428 Pape
1403 4359 1453 4412 lui·

193 4438 295 4505 meme,
307 4439 370 4508 puis
383 4455 453 4494 avec
470 4440 511 4493 les
524 4440 638 4493 natIons
651 4440 873 4494 chretiennes....
891 4441 956 4495 Une
970 4441 1084 4495 de'tente
1097 4456 1128 4494 se
1141 4439 1274 4510 produIra
1288 4437 1424 4500 aussitdm
1438 4438 1455 4491 a

192 4518 257 4571 Fere
270 4517 321 4572 des
344 4517 455 4572 conflits
468 4517 622 4573 succedere
635 4519 706 4573 celle
723 4519 774 4573 des
788 4519 991 4587 negociatione
1014 4519 1037 4573 Il
1057 4521 1159 4588 s'agira
1181 4520 1216 4573 de
1234 4519 1369 4573 conciller
1387 4518 1455 4571 I'irn·

193 4595 301 4650 munite
314 4597 350 4650 de
365 4608 442 4651 toute
452 4595 616 4667 juridiction
639 4597 775 4652 seculiere
797 4598 975 4669 queIconque
993 4615 1063 4653 avec
1085 4597 1111 4652 Ie
1125 4615 1253 4652 nouveau
1267 4597 1373 4667 regino
1388 4597 1456 4666 poli-

194 4674 271 4747 tique
285 4676 321 4731 de
335 4677 361 4731 Ia
374 4677 530 4748 peninsule.
544 4677 557 4703 ’¹
572 4676 687 4746 (Prelot,
700 4677 719 4731 l.
732 4694 763 4746 c.,
776 4694 803 4749 p.
817 4680 891 4747 459.)
