3496 5482
244 543 292 613 68
653 566 744 614 enm
772 567 833 615 srr
862 567 937 614 nex
967 565 1096 615 noun.

1339 674 1502 685 -——.-...-

299 725 412 801 Unde
442 727 665 804 concludere
695 727 749 801 las
781 743 840 801 est
881 753 964 800 cum
1000 727 1182 813 Palmieri,
1214 728 1374 803 Romani
1406 732 1502 805 Pon·

242 841 352 919 tilicis
371 843 645 920 immunitatem
678 869 880 944 numquam
902 843 1080 920 violatam
1113 845 1226 922 luisse
1245 846 1314 921 nisi
1333 872 1417 922 cum
1438 848 1502 924 de·

242 963 419 1039 trimento
439 963 620 1041 Ecclesiae
637 962 693 1064 (¹)
708 1053 711 1057 7
1276 1032 1279 1036 a

296 1095 317 1122 “
332 1083 374 1159 Si
386 1085 705 1159 animadvertatur
723 1083 860 1161 bellum
882 1084 1138 1159 Romanorum
1157 1084 1379 1159 Pontificum
1398 1086 1501 1161 Prin·

241 1202 378 1298 cipatui
400 1200 551 1286 illatum,
576 1200 769 1277 Ecclesiae
788 1199 918 1276 hostes
948 1227 1098 1299 semper
1124 1221 1296 1278 auctores
1313 1202 1500 1291 habuisse,
1570 1271 1572 1275 .

242 1341 356 1420 atque
386 1321 524 1397 ultimis
554 1320 658 1397 hisce
689 1322 920 1418 temporibus
947 1320 1192 1420 perduellium
1224 1322 1500 1398 coniuratorum
1569 1341 1572 1345 “

241 1459 373 1525 sectas,
394 1440 530 1536 quibus
560 1438 597 1513 in
629 1438 823 1513 dominatu
851 1439 1057 1514 evertendo
1088 1438 1186 1514 civili
1216 1465 1322 1513 mens
1354 1440 1433 1527 suit,
1452 1439 1500 1513 ad

243 1558 360 1656 ipsam
379 1559 610 1656 spiritualem
634 1559 855 1634 Pontificum
875 1576 1101 1656 potestatem
1121 1559 1414 1658 aggrediendam
1432 1578 1501 1662 'at-

241 1699 315 1774 que
343 1677 635 1775 oppugnandam
656 1677 755 1750 viam
787 1676 857 1751 sibi
888 1676 1034 1773 aperire
1049 1704 1057 1763 ;
1076 1674 1146 1751 hoc
1179 1677 1277 1751 idem
1302 1677 1501 1753 manifesto

240 1794 445 1884 confirmat,
465 1798 576 1871 etiam
597 1798 686 1871 dum
707 1797 850 1894 regium
874 1797 1129 1871 Romanorum
1152 1796 1374 1871 Pontificum
1397 1797 1500 1873 Prin·

240 1913 402 2010 cipatum
421 1914 458 1990 in
478 1914 616 1988 divinae
638 1914 899 1990 Providentiae
911 1913 1075 1990 consiliis
1094 1940 1188 2000 esse,
1209 1937 1401 2013 tamquam
1421 1942 1496 1991 me-

240 2032 341 2105 dium
352 2031 399 2105 ad
411 2031 604 2131 pacificum
617 2031 860 2129 Apostolicae
873 2032 1036 2129 ipsorum
1055 2033 1253 2130 potestatis
1267 2033 1497 2121 exercitium,

240 2175 355 2248 quum
401 2150 617 2224 eorumdem
662 2151 915 2224 autonomiam
960 2149 1246 2250 libertatemque
1295 2151 1500 2227 efficienter

241 2285 388 2353 tueatur
407 2266 460 2368 (²)
483 2270 500 2294 '¹
515 2312 566 2326 -
588 2269 645 2342 lta
666 2269 745 2343 Leo
765 2268 845 2343 Xll
859 2269 884 2342 l.

277 2498 300 2541 t.
315 2485 360 2540 De
372 2486 451 2540 Rom.
465 2486 558 2554 nont,
571 2503 634 2558 pag.
651 2500 709 2556 502.

160 2572 162 2577 '
274 2579 299 2620 2.
315 2565 406 2638 Epist.
420 2566 458 2620 ad
472 2566 556 2621 Card.
572 2567 730 2636 Rampolla⁴
