3496 5482
248 450 584 461 -m-—n——ae-
590 452 1196 463 -—-—-.-.-.-.-——.—..-——-.—-·-u-
1201 455 1499 465 ,ιε-*ιι-

250 517 320 588 312
659 519 752 570 Pata
779 520 838 570 SlT
866 520 940 570 REX
968 521 1094 573 ROMAE.

269 619 281 625 —
295 620 391 628 --.—-..
412 622 472 628 —-
488 622 645 629 ——n
667 622 790 630 nm...
814 626 917 633 ,-..--..
1136 626 1224 633 —-..--

249 677 546 777 applicationem,
569 684 864 769 adducerentur:
893 682 1039 782 publica
1056 683 1211 782 quaevis
1241 698 1397 758 externa
1415 707 1503 756 con·

245 823 351 873 cessa
384 800 544 888 libertas,
565 804 765 900 quominus
792 804 829 877 in
859 801 1045 878 licentiam
1072 801 1277 902 degeneret
1304 799 1500 900 prohibita,

248 928 368 1016 a'equo
397 920 573 1020 bonoque
600 921 750 1023 agendo
779 922 886 998 unice
914 921 1119 1008 inserviret,
1153 947 1195 996 ac
1223 945 1312 996 vere
1339 917 1503 993 hominis

247 1035 362 1137 digna
383 1041 562 1117 evaderet
578 1071 585 1131 ;
604 1042 781 1117 scientiae
808 1058 960 1139 propter
980 1040 1187 1127 veritatem,
1208 1039 1312 1114 cuius
1332 1036 1502 1112 Ecclesia

249 1154 433 1259 Magistra
460 1181 527 1250 est,
548 1179 586 1236 et
607 1181 707 1237 artes
737 1179 890 1261 propter
911 1179 1193 1260 praepotentem
1221 1157 1500 1256 inspirationem

246 1283 358 1372 quam
384 1277 533 1380 Religio
551 1279 730 1356 divinitus
748 1279 879 1366 haurit,
893 1304 1080 1377 quamque
1099 1279 1134 1351 in
1153 1276 1298 1350 animos
1317 1271 1502 1349 transsun·
1590 1285 1592 1289 ’

244 1391 358 1469 dendi
380 1422 552 1473 arcanam
572 1425 616 1475 ea
634 1396 713 1474 sola
726 1398 834 1474 callet
853 1397 1044 1482 rationem,
1059 1397 1096 1470 in
1112 1419 1250 1470 novum
1266 1390 1363 1467 illico
1380 1388 1501 1465 excel·

243 1509 381 1589 lentiae
399 1516 514 1591 decus
532 1517 826 1593 conscenderent
847 1516 901 1616 (¹).
916 1516 934 1543 ”

302 1632 354 1708 Et
367 1637 506 1747 “quoad
526 1638 777 1713 conditionem
797 1638 981 1737 opificum,
1006 1637 1106 1733 Papa
1131 1628 1351 1732 quantocius
1372 1642 1503 1726 ageret

243 1770 282 1826 ut
304 1754 387 1829 Rex
402 1782 447 1831 ea
465 1784 548 1856 quae
562 1760 689 1835 docuit
707 1778 747 1836 ut
768 1760 952 1836 Pontifex.

298 1881 318 1910 ‘¹
342 1873 484 1973 ltaque,
512 1904 579 1977 per
602 1905 697 1978 quos
726 1881 857 1956 civitas
876 1880 1025 1980 regitur,
1047 1877 1207 1976 primum
1226 1874 1395 1951 conferre
1411 1894 1500 1970 ope·

245 2012 321 2064 ram
354 1997 561 2092 generatim
591 2014 705 2096 atque
732 1999 905 2073 universe
936 1997 1086 2083 debent,
1107 2013 1185 2071 tota
1212 1994 1356 2069 ratione
1373 1991 1500 2091 legum

244 2127 358 2208 atque
387 2112 649 2204 institutorum,
678 2115 818 2192 scilicet
844 2115 1040 2192 efficiendo
1069 2132 1110 2189 ut
1140 2113 1237 2188 ultro
1272 2108 1499 2212 prosperitas

246 2244 320 2302 tarn
339 2233 618 2309 communitatis
635 2261 747 2333 quam
767 2236 994 2334 privatorum
1014 2233 1233 2309 efflorescat.

297 2357 318 2386 “
341 2348 384 2422 ld
403 2369 462 2425 est
480 2354 579 2427 enim
600 2354 789 2452 proprium
809 2379 936 2428 eorum
955 2354 1018 2451 qui
1037 2369 1214 2451 praesunt
1232 2349 1404 2427 officium.

303 2476 323 2506 ‘⁶
345 2467 547 2544 Rectorum
563 2472 723 2546 civitatis
738 2488 796 2547 est
810 2471 1090 2570 proletariorum
1106 2469 1357 2544 conditionem
1374 2469 1501 2569 iuvare

244 2583 452 2681 plurimum.

298 2714 319 2744 ‘⁶
342 2706 385 2781 ln
404 2709 523 2786 salute
550 2711 832 2811 commodisque
860 2709 999 2785 ordinis
1026 2705 1308 2804 proletariorum
1337 2705 1496 2796 tuendis,

244 2846 351 2898 curas
370 2826 515 2903 debitas
536 2828 705 2905 collocari
724 2831 879 2930 publice,
900 2845 1058 2927 oportet.

297 2951 319 2981 “
340 2944 382 3018 ln
403 2946 535 3022 officiis
557 2950 768 3048 Principum
788 2949 876 3022 illud
902 2948 937 3021 in
968 2944 1095 3043 primis
1123 2943 1273 3028 eminet,
1302 2959 1343 3017 ut
1369 2967 1498 3018 unum·

242 3085 433 3171 quemque
452 3066 587 3141 civium
607 3068 776 3142 ordinem
796 3065 1039 3164 aequabiliter
1057 3079 1240 3137 tueantur.

297 3192 317 3221 “
341 3183 449 3261 lubet
468 3189 636 3285 aequitas
654 3215 779 3263 curam
799 3189 846 3262 de
866 3184 1064 3285 proletario
1084 3181 1229 3280 publice
1247 3182 1337 3279 geri.

298 3312 318 3342 “
340 3304 562 3380 Favendum
582 3307 692 3382 rebus
711 3307 884 3380 omnibus
903 3324 969 3390 est,
986 3329 1082 3400 quae
1100 3298 1304 3376 conditioni
1324 3299 1499 3397 opificum

244 3448 396 3523 quoquo
415 3426 528 3501 modo
547 3426 744 3501 videantur
762 3427 986 3525 profuturae.

296 3544 523 3620 “Miserum
559 3547 706 3648 vulgus
746 3548 780 3620 in
821 3545 1026 3645 patrocinio
1069 3541 1294 3640 reipublicae
1339 3544 1501 3619 maxime

244 3661 385 3738 nititur.

296 3792 317 3822 ‘⁴
340 3784 605 3871 Mercenarios,
638 3812 721 3861 cum
756 3785 792 3859 in
826 3781 1061 3859 multitudine
1092 3805 1213 3877 egena
1248 3797 1498 3867 numerentur,

243 3900 357 3977 debet
384 3929 471 3978 cura
500 3906 810 4006 providentiaque
841 3903 1018 4003 singulari
1050 3897 1245 3997 complecti
1279 3888 1497 3996 respublica,

243 4038 313 4095 etc.
333 4019 388 4122 (²).
410 4024 427 4051 '’
508 4024 511 4029 ’

296 4140 392 4216 Haec
411 4142 591 4242 principia
609 4164 709 4219 certe
729 4170 795 4243 per
814 4142 1066 4217 institutiones
1085 4137 1318 4235 exemplares
1347 4139 1499 4216 doceret

241 4276 279 4332 et
297 4261 534 4337 confirmaret
552 4262 804 4360 operariorum
829 4263 999 4336 Paterae
1021 4256 1193 4332 Pontilex
1213 4256 1244 4330 si
1273 4255 1380 4331 simul
1413 4257 1497 4331 Rex

241 4396 351 4454 esset.
860 4406 864 4413 ·

243 4530 604 4552 *ᾕ-
610 4538 1494 4553 ffl—

279 4625 301 4666 1.
316 4612 432 4684 Encycl.
447 4616 512 4671 Litt.
525 4616 563 4672 ad
577 4615 656 4687 Epis,
672 4616 743 4683 Ital,
760 4629 790 4686 15
805 4616 867 4670 Oct.
886 4614 961 4682 1890.
1181 4687 1184 4694 Ι

277 4707 300 4746 2.
323 4694 426 4748 Rerum
438 4712 513 4764 nov,
526 4703 557 4750 n⁰
574 4710 630 4762 144,
647 4695 703 4764 146,
720 4708 777 4764 150,
795 4708 852 4764 152,
869 4693 1000 4762 162,163,
1017 4702 1148 4759 173‚174·
