3496 5482
243 491 315 562 314
606 552 610 561 Β
654 488 746 538 mm
773 487 832 537 stt
859 486 935 537 nux
964 485 1088 536 noun.

239 647 318 722 ficis
350 649 554 724 auctoritas
586 645 811 724 defecisset?
837 647 948 721 Adeo
979 646 1135 745 proinde
1161 645 1304 722 exstitit
1322 664 1360 721 et
1378 645 1501 720 adhuc

239 784 363 841 exstat
383 783 566 866 tanquam
586 784 754 841 centrum
782 765 924 840 ordinis
943 782 982 840 ut
999 764 1170 840 consulto
1194 765 1332 840 idcirco
1353 763 1501 862 plebem

241 886 278 959 in
311 887 523 961 Romanum
562 885 780 961 Pontificem
809 883 1017 959 callidiores
1047 899 1298 982 protestantes
1325 883 1503 958 continuo

241 1003 434 1102 impellant
465 1004 715 1103 ferociterque
745 1021 919 1104 urgeant;
948 1028 1055 1078 secus
1082 1003 1180 1077 enim
1204 1027 1304 1076 mors
1322 1028 1365 1077 ac
1385 1020 1504 1077 terror

242 1122 332 1221 ipsis
350 1121 507 1219 aliisque
529 1121 982 1221 undiqueimpenderent,
1014 1121 1083 1195 nisi
1111 1119 1399 1196 Catholicismus
1417 1146 1503 1219 sup-

243 1241 362 1339 petias
391 1259 589 1339 promptus
615 1266 765 1340 semper
788 1241 1018 1317 occurrisset.
1044 1241 1239 1338 Siquidem
1268 1238 1374 1338 plebs
1410 1240 1505 1339 ipsa,

243 1384 327 1457 quae
357 1359 559 1434 maximam
592 1361 879 1458 protestantium
904 1378 1048 1458 partem
1066 1359 1307 1447 constituunt,
1328 1359 1397 1434 nisi
1416 1360 1505 1434 odio

245 1477 282 1551 in
300 1477 512 1552 Romanum
533 1480 750 1556 Pontificem
776 1483 956 1558 continuo
980 1481 1225 1556 effervescunt
1254 1478 1360 1566 illico,
1381 1496 1445 1554 aut
1467 1479 1503 1554 in

245 1593 496 1670 socialismum
516 1596 694 1685 incidunt,
713 1617 777 1675 aut
796 1599 1090 1675 catholicismum
1110 1624 1253 1673 rursum
1276 1596 1505 1697 amplectun-

246 1733 314 1790 tur.
349 1715 492 1790 ldcirco
519 1717 581 1792 vix
600 1717 728 1794 odium
758 1719 795 1793 in
830 1718 991 1794 Romani
1023 1717 1213 1794 Pontificis
1244 1716 1505 1793 auctoritatem

246 1835 441 1911 dumtaxat
460 1838 593 1912 saevire
612 1859 745 1926 cessat,
766 1839 825 1915 vel
853 1857 892 1914 et
911 1839 947 1913 in
974 1837 1065 1913 alias
1084 1837 1250 1914 minores
1265 1835 1505 1911 auctoritates

245 1952 367 2052 logice
386 1957 604 2054 prorumpit,
626 1957 725 2033 illico
745 1959 863 2056 major
883 1956 1020 2056 ingruit
1039 1981 1216 2030 numerus
1237 1954 1505 2033 socialistarum

247 2093 311 2147 aut
328 2072 595 2150 catholicorum
614 2075 713 2151 ovile
730 2077 926 2151 extensive
945 2093 1113 2175 augetur.
1539 2059 1542 2064 ⁸

301 2191 397 2286 Quae
432 2218 515 2267 cum
548 2194 598 2269 ita
626 2194 711 2282 sint,
743 2221 816 2270 non
853 2213 910 2269 est
948 2194 1081 2267 mitum
1116 2191 1267 2268 tandem
1305 2189 1511 2290 aliquando

249 2335 380 2383 omnes
420 2309 643 2387 christianos
683 2314 852 2411 populos,
890 2313 1045 2388 internis
1076 2310 1339 2387 certaminibus
1359 2307 1506 2394 relictis,

250 2427 390 2502 divisas
409 2429 507 2504 vires
528 2448 566 2505 et
594 2430 753 2528 ingenia,
774 2432 820 2506 ad
851 2432 1065 2507 innumeros
1084 2429 1242 2528 populos
1260 2429 1308 2504 ab
1326 2428 1507 2502 servitute

249 2563 287 2621 et
320 2545 490 2621 barbarie
523 2548 747 2646 eripiendos,
780 2551 1006 2648 impendere,
1036 2548 1106 2624 sub
1131 2550 1241 2623 Patre
1272 2548 1442 2622 Maximo
1469 2562 1507 2620 et

252 2665 414 2741 Rectore
450 2666 636 2763 Supremo
672 2669 873 2744 Christiani
911 2669 1036 2744 Orbis.
1080 2668 1123 2742 ld
1147 2665 1251 2741 'enim
1288 2665 1358 2742 sert
1393 2665 1505 2739 etiam

250 2782 412 2856 maxima
425 2784 521 2883 juris
546 2785 841 2861 internationalis
868 2785 1077 2885 explicatio,
1098 2803 1137 2860 ut
1156 2783 1283 2883 populi
1302 2808 1506 2882 eorumque

250 2917 423 2987 rectores,
444 2901 492 2976 de
511 2902 655 2977 interna
674 2904 828 2979 aliorum
851 2902 1320 3002 tranquillitatetutissimi,
1342 2903 1505 3001 prompti

251 3017 475 3094 Christianae
493 3019 683 3097 charitatis
703 3022 860 3097 stimulis
879 3024 960 3109 acti,
982 3021 1158 3097 auxilium
1179 3026 1346 3119 et'opem
1365 3020 1402 3094 in
1426 3017 1505 3093 lon-

221 3137 409 3241 ¹ginquas
438 3140 551 3214 etiam
571 3142 744 3241 regiones
774 3140 865 3228 aliis,
894 3142 956 3240 qui
988 3142 1023 3215 in
1056 3139 1236 3216 servitute
1265 3158 1302 3214 et
1336 3138 1506 3212 barbarie

244 3255 382 3352 jacent,
421 3256 550 3332 lerant.
592 3258 735 3334 ldcirco
769 3284 916 3333 summo
955 3259 1145 3334 charitatis
1186 3256 1334 3332 vinculo
1379 3254 1505 3355 populi

249 3374 358 3449 simul
374 3377 470 3462 nexi,
485 3377 522 3450 in
538 3402 676 3452 novum
692 3377 974 3475 inauditumque
988 3377 1174 3453 civilitatis
1189 3376 1359 3451 ordinem
1375 3375 1507 3449 indies

231 3551 232 3554 ,
251 3492 370 3592 magis
390 3494 583 3593 magisque
602 3496 890 3594 progrediuntur
907 3494 962 3595 (¹)

305 3609 459 3685 Utinam
490 3612 569 3688 haec
599 3614 725 3688 omnia
754 3613 864 3688 fiant!
896 3614 954 3688 Sit
993 3615 1094 3712 Papa
1126 3614 1258 3690 iterum
1282 3613 1507 3688 constitutus

254 3728 338 3801 Rex
370 3730 501 3804 Romae
532 3748 569 3805 et
598 3731 679 3829 ipso
706 3732 804 3806 lacto
831 3733 1079 3831 reintegretur
1100 3733 1162 3831 jus
1190 3730 1386 3829 pristinum
1412 3730 1508 3805 inter

252 3847 423 3922 nationes
455 3849 687 3924 Christianas
717 3850 755 3924 in
785 3851 923 3924 bonum
953 3867 991 3925 et
1023 3850 1229 3949 profectum
1263 3848 1378 3924 Orbis
1414 3847 1507 3923 Uni·

252 3965 350 4039 versi
365 3966 372 4040 Ι

291 4201 310 4239 1.
332 4185 484 4255 Pallottini,
501 4187 511 4240 1
527 4195 555 4241 et
572 4187 730 4257 llgpassim.

777 4425 989 4530 ...pff-
