3496 5482
238 427 503 438 ...n———u—-e—n—--on
814 428 1022 436 ———-————-

241 474 313 564 376
653 490 745 540 xxxx
772 490 832 541 sir
860 489 934 540 nex
962 491 1088 542 xoun.

251 656 360 731 morti
379 653 596 740 destinatus,
616 679 731 752 quum
760 652 858 728 illinc
887 669 926 731 ut
948 654 1127 730 evaderet
1145 654 1235 729 nihil
1254 654 1290 729 in
1310 681 1503 755 quoquam

246 791 346 850 esset
365 774 457 872 opis,
478 770 567 846 nihil
586 771 722 847 auxilii.

301 897 467 972 “Oratio
476 905 598 970 autem
599 895 718 994 fiebat
726 895 804 969 sine
815 895 1083 970 intermissione
1092 897 1308 973 abEcclesia
1318 899 1373 973 ad
1377 899 1505 973 Deum

233 1026 365 1114 proco
383 1014 437 1116 (¹),
457 1015 670 1115 agebatque
688 1040 819 1088 omnes
843 1040 891 1090 eo
921 1015 1111 1090 ardentius
1129 1018 1305 1114 precandi
1323 1017 1501 1101 studium,
1587 1107 1589 1109 ι

241 1159 318 1231 quo
348 1133 467 1208 acrior
496 1157 671 1206 aerumnae
706 1150 819 1206 tantae
850 1131 1059 1209 sollicitudo
1090 1136 1295 1211 mordebat.
1320 1136 1375 1210 Ut
1409 1160 1502 1214 vero

243 1252 435 1327 orantibus
455 1268 543 1325 vota
561 1251 818 1337 successerint,
839 1271 1030 1349 comperta
1050 1279 1109 1328 res
1127 1272 1209 1329 est:
1231 1255 1381 1329 Petrum
1402 1253 1502 1327 miri-

245 1369 314 1446 fice
345 1370 541 1445 liberatum
571 1367 794 1444 christianus
822 1369 982 1467 populus
1011 1372 1165 1447 memori
1193 1397 1337 1471 semper
1361 1370 1502 1446 laetitia

173 1550 177 1556 .
242 1488 479 1564 concelebrat
498 1485 551 1587 (²).
574 1487 591 1515 ”

297 1607 392 1682 Illud
411 1632 503 1706 ergo
520 1605 646 1681 auxilii
667 1631 740 1681 non
759 1607 887 1682 deerat
910 1609 1011 1705 quod
1043 1609 1207 1706 precatio
1225 1627 1353 1684 sancta
1371 1635 1393 1683 a
1415 1609 1503 1684 Deo

245 1725 432 1812 conciliat:
451 1725 591 1802 scilicet
613 1723 782 1799 Ecclesia
811 1724 1106 1823 impensissimas
1134 1753 1202 1824 pro
1232 1728 1344 1802 Petro
1371 1751 1503 1823 preces

242 1845 434 1922 fundebat.

294 1965 425 2042 Simile
451 1965 628 2040 auxilium
656 1990 703 2042 ne
737 1967 836 2043 desit
871 1968 910 2043 S.
943 1967 1034 2043 Sedi
1063 1986 1274 2067 nostraeque
1303 1967 1503 2064 Europaeae

244 2085 413 2162 societati
431 2085 530 2160 civili
545 2086 582 2160 in
601 2103 706 2161 tanto
718 2084 932 2161 discrimine
947 2086 1078 2184 positis
1092 2112 1279 2173 conemur,
1297 2086 1503 2184 fundetque

246 2205 380 2280 iterum
401 2203 571 2280 Ecclesia
589 2230 719 2302 preces
738 2204 1042 2301 impensissimas.
1147 2263 1149 2269 .

297 2322 400 2398 Hinc
419 2348 549 2420 preces
566 2348 660 2421 quas
679 2322 880 2420 postulavit
902 2326 1003 2421 Papa
1028 2323 1116 2397 Pius
1138 2322 1212 2410 lX;
1231 2321 1317 2397 hinc
1336 2340 1502 2419 paternae

244 2441 526 2516 exhortationes
556 2441 692 2539 quibus
718 2460 774 2517 tot
800 2443 906 2517 annis
938 2443 1126 2540 piissimus
1147 2443 1227 2515 Leo
1246 2440 1350 2515 XIII
1359 2438 1503 2516 vfideles

243 2559 371 2635 incitat
398 2577 439 2634 ut
457 2561 504 2632 ad
528 2559 568 2633 B.
588 2559 635 2635 V.
659 2560 713 2636 M.
738 2560 924 2660 Reginam
940 2560 1188 2637 Sacratissimi
1211 2559 1357 2634 Rosarii
1375 2559 1503 2634 coniu-

243 2680 349 2779 giant
393 2680 740 2778 protectionemque
775 2682 856 2779 ejus
889 2681 925 2754 in
963 2679 1171 2756 Ecclesiam
1210 2698 1248 2755 et
1283 2679 1502 2754 societatem

244 2797 454 2896 implorent.
488 2798 590 2872 Hinc
610 2798 763 2874 servidae
782 2825 910 2896 preces
929 2800 977 2874 ab
996 2798 1205 2875 Ordinariis
1226 2797 1390 2872 Iocorum
1410 2823 1502 2894 prae·

243 2918 391 3016 scriptae
426 2935 463 2993 et
495 2918 529 2993 in
564 2917 721 3019 singulis
749 2918 914 2994 ecclesiis
947 2920 1156 3005 fundendae,
1197 2944 1282 3016 quae
1312 2942 1502 3015 nunquam

242 3035 485 3137 languescere
515 3035 654 3111 debent
685 3036 806 3111 donec
826 3038 977 3113 tandem
1007 3055 1184 3135 exoptata
1211 3037 1365 3115 victoria
1392 3034 1502 3109 adsit.

247 3156 336 3230 Non
356 3180 553 3251 possumus
583 3154 671 3252 quin
691 3157 928 3230 recordemur
957 3156 1089 3230 horum
1112 3155 1311 3231 verborum
1343 3153 1398 3227 Pii
1421 3153 1503 3227 IX:

278 3284 317 3366 ¹⁶⁴
334 3274 412 3348 Vos
425 3292 462 3348 et
474 3273 695 3347 commissos
714 3272 917 3373 vigilantiae
932 3292 1068 3349 vestrae
1080 3264 1238 3372 populos
1251 3273 1361 3349 enixe
1380 3270 1502 3346 horta·

245 3420 326 3469 mur
344 3412 384 3469 ut
404 3394 439 3467 in
459 3393 549 3477 dies,
574 3392 716 3467 firmius
734 3412 772 3469 et
791 3395 941 3468 uberius
960 3421 1035 3492 quo
1053 3394 1206 3493 gravius
1225 3390 1415 3466 dimicatio
1434 3389 1502 3465 Ier-

244 3529 317 3598 vet,
338 3511 546 3585 Nobiscum
562 3510 730 3586 clametis
749 3513 797 3585 ad
812 3513 1029 3599 Dominum,
1044 3537 1119 3610 quo
1134 3512 1213 3610 ipse
1229 3508 1504 3608 propitiationis

245 3656 322 3704 suae
340 3630 420 3705 dies
441 3648 626 3705 maturare
644 3630 830 3731 dignetur.

298 3759 319 3788 “
340 3747 488 3823 Efficiat
508 3749 615 3823 Deus
634 3767 674 3824 ut
692 3748 883 3846 Principes
902 3767 1020 3834 terrae,
1037 3772 1195 3845 quorum
1211 3747 1373 3820 maxime
1392 3745 1504 3820 inter-

244 3887 301 3943 est
333 3893 379 3942 ne
408 3867 483 3943 tale
501 3869 761 3965 usurpationis,
783 3895 894 3966 quam
918 3868 1000 3941 Nos
1020 3866 1190 3964 patimur,
1220 3865 1433 3962 exemplum
1466 3863 1503 3936 in

245 3989 446 4087 perniciem
465 3989 588 4064 omnis
602 3990 799 4087 potestatis
812 4008 849 4065 et
861 3989 1002 4064 ordinis
1021 4005 1204 4063 statuatur
1222 4005 1259 4062 et
1277 3986 1415 4087 vigeat,
1430 4007 1504 4058 una

243 4135 375 4183 omnes
393 4109 601 4183 animorum
624 4128 663 4185 et
682 4109 916 4185 voluntatum
946 4109 1194 4183 consensione
1215 4107 1433 4205 jungantur,
1460 4128 1503 4176 ac

242 4227 408 4325 disjectis
436 4227 647 4302 exitialibus
675 4246 860 4302 sectarum
888 4226 1060 4310 consiliis,
1082 4225 1320 4323 conjunctam
1349 4246 1501 4320 operam

244 4362 382 4420 navent
396 4353 438 4419 ul
451 4347 703 4420 reslz'tuantur
717 4346 805 4424 hur’c
822 4346 861 4422 S.
880 4346 972 4420 Sedz'
986 4371 1053 4419 sua
1061 4347 1172 4443 jura,
1194 4361 1232 4418 et
1250 4369 1334 4417 cum
1354 4342 1398 4414 iis
1417 4339 1502 4414 visi·

282 4605 304 4645 1.
324 4593 396 4660 Act.¹
411 4593 481 4660 XII,
498 4606 520 4661 5.

280 4685 303 4724 2.
326 4672 382 4726 Leo
396 4672 482 4741 XIII,
496 4673 612 4742 Encycl.
629 4673 743 4729 Octobri
753 4690 851 4741 mense,
868 4687 897 4726 12
913 4673 990 4741 Sept.
1008 4671 1083 4738 1891.
