3496 5482
316 526 385 599 332
723 527 817 578 Pnrn
844 527 903 579 SIT
931 528 1006 579 REX
1035 527 1162 581 ROMAE.

312 691 440 791 gregis
472 692 619 767 Patrem
648 710 686 766 et
721 693 915 767 Pastorem
946 691 1240 789 parricidialibus
1269 693 1469 793 degeneris
1505 695 1571 770 filii

311 809 425 883 armis
443 830 701 908 oppugnatum
718 810 839 884 modis
868 810 1043 884 omnibus
1060 809 1249 908 adjuvare,
1272 811 1367 886 tueri
1385 829 1424 887 et
1442 812 1571 888 desen·

312 928 403 1002 dere
422 945 623 1025 properent
642 946 755 1025 atque
775 928 953 1002 festinent
971 925 1027 1027 (¹).
1048 926 1067 955 ”

364 1044 453 1131 Sed,
473 1071 496 1119 o
517 1045 710 1120 fascinatio
730 1046 975 1145 nugacitatis!
994 1072 1019 1121 o
1036 1047 1183 1121 caecitas
1203 1046 1361 1122 mentis!
1379 1048 1571 1125 odurities

311 1163 457 1239 cordis!
480 1189 548 1239 nec
580 1164 709 1238 audire
728 1190 796 1239 nec
816 1162 1025 1263 intelligere
1043 1163 1197 1240 voluere
1229 1165 1402 1241 nationes
1421 1192 1570 1243 earum·

311 1306 385 1378 que
416 1283 672 1356 moderatores
704 1281 959 1378 impendentia
991 1281 1155 1379 pericula
1185 1283 1419 1381 gravissima,
1447 1284 1569 1359 donec

313 1399 463 1473 tandem
483 1418 684 1474 monentur
697 1425 719 1473 a
732 1399 879 1498 justitia
897 1398 1026 1474 divina
1043 1424 1111 1497 per
1124 1399 1247 1497 ipsum
1265 1399 1518 1476 socialismum
1532 1420 1570 1475 et

310 1540 455 1592 errores
473 1516 630 1592 sociales
648 1517 882 1616 omnigenos.

364 1633 578 1709 Lamentari
598 1653 755 1732 possunt
774 1659 883 1732 reges
897 1632 1004 1709 sicuti
1024 1659 1114 1708 vero
1141 1631 1228 1708 olim
1250 1633 1313 1708 filii
1332 1634 1449 1732 Jacob
1468 1654 1569 1734 post·

310 1777 422 1850 quam
455 1753 606 1827 fratrem
625 1778 733 1827 suum
752 1751 895 1850 Joseph
915 1752 1102 1826 tradidere
1125 1769 1162 1826 et
1181 1770 1326 1849 patrem
1350 1751 1440 1827 flere
1472 1753 1569 1829 sece-

311 1889 406 1956 runt.
444 1870 638 1946 lamentati
666 1889 754 1944 sunt
789 1870 885 1944 intra
912 1894 953 1943 se
981 1886 1202 1968 gementes:
1249 1880 1272 1910 ‘⁴
1311 1871 1451 1946 Merito
1487 1872 1567 1946 haec

311 1987 481 2085 patimur,
510 1989 596 2086 quia
623 1989 861 2086 peccavimus
898 1988 934 2060 in
968 1986 1128 2072 fratrem,
1160 2031 1210 2045 -
1241 1987 1316 2062 imo
1348 1988 1385 2062 in
1417 1989 1566 2064 Patrem

311 2125 491 2193 nostrum,
512 2152 561 2162 —
593 2107 765 2181 videntes
795 2104 1007 2203 angustiam
1026 2105 1162 2179 animae
1191 2104 1297 2192 illius,
1322 2106 1412 2180 dum
1436 2107 1567 2204 depre-

308 2244 455 2300 caretur
474 2251 553 2311 nos,
573 2242 612 2300 et
631 2249 705 2299 non
724 2223 936 2298 audivimus
955 2250 962 2297 :
993 2222 1131 2298 idcirco
1150 2224 1254 2298 venit
1273 2249 1386 2321 super
1409 2248 1478 2299 nos
1497 2224 1568 2300 ista

309 2346 499 2423 tribulatio
518 2346 573 2448 (¹).
596 2347 613 2375 ”

359 2479 393 2541 8.
426 2466 483 2541 lta
502 2491 599 2541 nunc
613 2466 692 2565 jam
724 2491 833 2565 reges
854 2466 1019 2562 Europae
1049 2463 1215 2562 cogitare
1233 2480 1272 2538 et
1300 2463 1449 2539 sibimet
1474 2461 1565 2562 ipsis

299 2582 416 2673 lateri
434 2583 520 2658 licet
538 2603 577 2658 et
604 2584 834 2682 resipiscere.
866 2582 1027 2678 Quoties
1045 2582 1145 2656 enim
1177 2582 1366 2656 effrenatis
1386 2580 1567 2656 libertatis

307 2703 574 2801 cupiditatibus
601 2702 832 2801 populorum,
855 2701 1090 2798 propriaeque
1121 2699 1424 2797 independentiae
1450 2699 1568 2774 indul·

307 2841 452 2924 gentes,
470 2822 558 2897 illud
574 2841 742 2897 centrum
758 2821 836 2896 veri
846 2822 941 2919 juris
956 2839 994 2894 et
1008 2821 1110 2919 pacis
1130 2820 1226 2894 inter
1240 2820 1412 2895 nationes
1431 2818 1568 2895 laedere

307 2941 387 3016 ausi
406 2960 503 3028 sunt,
526 2941 637 3015 toties
656 2941 835 3037 deceptos
854 2959 890 3013 et
909 2940 1060 3015 delusos
1078 2964 1119 3012 se
1140 2938 1253 3012 luisse
1267 2937 1449 3046 sentiunt.

347 3182 368 3223 r.
389 3168 477 3222 Alloc.
493 3169 526 3221 28
541 3168 617 3238 Sept.
635 3169 711 3223 1860.

344 3262 369 3302 2.
391 3248 467 3316 Gen„
480 3260 556 3315 xcrt,
570 3262 612 3301 21.
626 3278 661 3287 -
674 3248 759 3301 Noto.
776 3247 840 3299 Non
851 3256 947 3301 tamen
962 3247 1120 3317 putandum
1134 3256 1177 3299 est
1192 3244 1339 3300 Gubemia
1352 3245 1477 3315 Europae
1489 3243 1568 3314 peni-

308 3337 354 3381 tus
367 3328 506 3382 mansisse
520 3327 710 3382 indifferentia
723 3346 729 3392 ;
744 3326 767 3381 si
781 3326 885 3380 bellum
900 3325 1227 3381 Gallico-Germanicum
1244 3325 1312 3391 1870
1322 3323 1469 3395 impedivit
1481 3323 1568 3378 actio·

307 3423 374 3461 nem
386 3423 485 3462 eorum
499 3407 678 3462 collectivam
693 3408 720 3460 in
741 3407 867 3460 savorem
883 3406 1010 3459 Dominii
1034 3405 1199 3474 temporalis
1213 3404 1360 3471 Ecclesiae,
1380 3420 1438 3457 non
1452 3419 1567 3458 omnem

308 3485 425 3541 extinxit
447 3503 556 3555 vocem,
576 3487 624 3555 ita,
647 3498 676 3541 ut
690 3497 770 3540 notat
792 3488 827 3539 D.
844 3483 1073 3540 Imbart-Latour
1085 3485 1145 3554 (La
1158 3485 1293 3556 Papautl
1304 3501 1339 3537 en
1353 3483 1432 3537 droit
1442 3484 1568 3536 interna·

308 3567 407 3635 nonar,
420 3583 446 3636 v·
459 3567 514 3635 rs)

344 3644 361 3672 “
375 3648 419 3699 En
435 3648 553 3714 France,
575 3647 601 3700 le
621 3655 842 3714 gouvernement
856 3646 933 3701 dela
950 3645 1068 3699 defense
1088 3643 1233 3698 nationale
1246 3644 1288 3698 dit
1309 3643 1326 3696 n
1345 3642 1569 3696 l’ambassadeur

308 3724 404 3781 italien
420 3727 518 3794 Nigra,
532 3743 587 3796 que
601 3726 626 3780 le
639 3737 860 3794 gouvemement
874 3725 998 3796 franceis
1012 3725 1130 3778 laissera
1143 3725 1168 3777 le
1181 3733 1403 3792 gouvernement
1417 3720 1495 3790 royal
1509 3721 1570 3790 agir

307 3821 373 3858 sous
388 3805 652 3874 saresponsabr'lill,
673 3806 845 3860 desta-dire
866 3823 898 3859 sa
911 3804 1129 3876 responsabilite
1144 3803 1369 3857 internationale.
1383 3803 1396 3829 ’³
1411 3799 1569 3870 (Depdche,

309 3883 325 3937 8
339 3885 416 3954 Sept.
434 3886 523 3952 1870.)

346 3965 512 4018 L'Autriche
522 3965 724 4020 recommande
737 3982 772 4018 au
786 3975 1009 4034 gouvemement
1018 3962 1114 4018 italien
1126 3964 1151 4016 le
1162 3962 1225 4033 plus
1238 3961 1329 4031 grand
1343 3972 1454 4031 respect
1468 3977 1569 4016 envers

308 4043 335 4097 la
348 4061 488 4113 personne
501 4055 529 4099 et
542 4046 570 4098 la
583 4045 688 4114 qualite'
701 4045 738 4099 du
754 4045 872 4098 Pontiie.
885 4045 1044 4114 (Depeche,
1062 4043 1092 4096 18
1107 4043 1198 4112 Sept.)

345 4124 385 4176 La
398 4124 618 4179 Confuderation
631 4123 816 4194 germanique
828 4125 866 4177 du
893 4124 974 4177 Nord
1000 4123 1050 4176 fait
1076 4123 1127 4175 des
1141 4123 1269 4176 reserves
1283 4138 1354 4191 pour
1367 4136 1421 4191 que
1435 4122 1461 4174 le
1476 4119 1569 4176 Saint-

309 4201 394 4270 Siege
406 4203 445 4257 ait
459 4221 514 4258 une
526 4203 649 4274 position
664 4204 749 4272 digne
762 4213 790 4258 et
803 4201 1022 4271 independante.
1037 4201 1194 4270 (Depeche
1212 4214 1242 4265 17
1257 4200 1346 4270 Sept.)

345 4283 386 4336 La
401 4283 504 4338 Prusse
519 4283 632 4337 declare
647 4301 682 4337 ne
697 4300 749 4354 pas
766 4282 875 4335 vouloir
888 4282 1033 4350 s’occuper
1046 4280 1082 4335 de
1106 4281 1133 4334 la
1146 4281 1238 4350 police
1251 4290 1400 4351 purement
1414 4278 1568 4335 interieure

308 4361 343 4416 de
357 4362 466 4430 l'ltalie‚
479 4364 552 4417 mais
573 4379 610 4416 ne
622 4373 688 4418 veut
703 4380 753 4431 pas
773 4361 903 4430 prejuger
924 4377 957 4415 ce
978 4360 1026 4430 qui
1049 4360 1176 4430 pourrait
1190 4361 1269 4414 avoir
1282 4359 1348 4414 trait
1370 4376 1425 4414 aux
1438 4369 1570 4430 rapports

308 4442 542 4496 intemationaux.
558 4442 566 4500 i
573 4442 715 4512 Depdche‚
732 4456 764 4494 10
778 4442 803 4492 N
808 4459 852 4494 ov.
870 4441 958 4506 1870.)

344 4522 510 4592 L’Espagne
523 4522 573 4577 fait
586 4523 647 4577 dire
661 4524 678 4575 a
691 4521 913 4576 l’ambassadeur
932 4519 1029 4574 italien
1052 4520 1068 4573 a
1084 4517 1207 4586 Madrid‚
1224 4520 1268 4590 qu’
1283 4518 1299 4546 “
1313 4535 1368 4574 une
1391 4519 1469 4574 seule
1482 4518 1569 4572 chose

306 4609 350 4656 est
371 4601 542 4670 essentielle,
563 4619 617 4656 une
631 4602 709 4657 seule
731 4600 846 4655 domine
866 4611 959 4654 toutes
974 4601 1015 4656 les
1029 4610 1133 4667 autres,
1155 4609 1183 4654 et
1205 4616 1242 4653 au
1255 4599 1327 4670 sujet
1350 4599 1386 4653 de
1408 4597 1530 4668 laquelle
1543 4597 1570 4652 le

306 4691 529 4754 gouvernement
542 4681 690 4753 espagnol,
704 4680 753 4736 fier
766 4679 831 4735 d'nn
844 4679 909 4735 titre
919 4679 1029 4734 annexe
1042 4679 1103 4735 asa
1116 4694 1269 4749 couronne,
1279 4678 1351 4735 croit
1363 4678 1444 4734 avoir
1455 4678 1483 4733 le
1494 4674 1569 4732 droit
