3496 5482
243 464 411 474 ——

594 525 716 577 catur
743 525 924 577 DEclttUM
951 523 1136 574 rnxrwx.
1425 525 1497 594 299

240 682 308 757 bac
323 682 425 781 leges
438 684 550 757 etiam
563 687 833 773 severissimae,
850 685 1075 786 rigidissima
1089 682 1348 758 Tribunalium
1364 683 1497 772 edicta,

240 803 396 901 ipsaque
413 822 556 879 armata
575 804 631 878 vis
651 804 794 878 inutilia
812 824 925 904 atque
944 804 1100 902 imparia
1118 802 1294 877 evadunt.

294 937 314 967 ‘⁴
333 927 661 1023 Quemadmodum
681 929 768 1005 olim
788 949 918 1005 contra
936 929 1178 1004 barbarorum
1204 927 1356 1027 agmina
1385 949 1499 1007 mate·
1553 1010 1556 1016 ,

241 1046 339 1121 rialis
354 1048 410 1120 vis
427 1048 698 1146 necquidquam
719 1048 844 1135 valuit,
866 1049 934 1140 sed
952 1046 1032 1123 sola
1045 1046 1269 1121 christianae
1292 1046 1500 1146 Religionis

241 1164 368 1251 virtus,
386 1165 436 1239 ita
450 1165 563 1240 etiam
580 1191 677 1241 nunc
690 1165 870 1242 effrenato
886 1165 1162 1240 multitudinum
1180 1163 1371 1239 rebellium
1387 1165 1500 1240 furori

242 1280 363 1356 nullus
394 1282 475 1358 sine
514 1283 722 1382 Religionis
754 1284 890 1359 virtute
920 1285 1009 1359 satis
1045 1282 1190 1357 validus
1226 1282 1324 1357 obex
1360 1282 1501 1380 opponi

243 1393 392 1496 poterit.

297 1537 318 1567 ‘¹
341 1527 472 1625 ltaque
493 1526 729 1625 Religionem
749 1551 969 1627 oppugnare
988 1527 1087 1601 idem
1110 1546 1168 1602 est
1187 1553 1229 1601 ac
1252 1526 1397 1601 ltaliam
1416 1527 1501 1601 sub·

242 1644 338 1719 sidio
356 1644 489 1719 orbare
507 1646 673 1718 omnium
705 1645 966 1742 potentissimo
998 1643 1045 1717 ad
1065 1645 1222 1733 hostem,
1242 1644 1305 1742 qui
1325 1644 1504 1720 minacior

147 1773 152 1795 ¹
245 1763 378 1838 indies
397 1763 438 1838 fit
456 1780 569 1860 atque
589 1763 866 1852 formidabilior,
889 1764 1026 1837 invicte
1045 1761 1308 1837 debellandum
1330 1761 1385 1862 (¹).
1407 1764 1425 1790 ”

297 1899 316 1928 “
339 1889 415 1963 Fac
435 1909 603 1964 econtra
626 1890 812 1990 Religioni
833 1909 945 1989 atque
976 1889 1177 1976 Ecclesiae,
1207 1908 1397 1987 tamquam
1425 1895 1502 1963 om-

245 2007 346 2083 nium
379 2007 607 2083 validissimo
643 2007 867 2106 reipublicae
901 2006 1038 2093 vertici,
1070 2031 1197 2081 veram
1227 2005 1436 2081 libertatem
1466 2025 1504 2081 et

131 2189 134 2196 .
244 2125 429 2225 integrum
463 2127 594 2200 iurium
627 2152 777 2201 suorum
810 2126 1038 2226 exercitium,
1069 2149 1181 2222 quam
1214 2124 1301 2200 felix
1329 2126 1365 2198 in
1398 2124 1504 2198 ltalia

244 2267 335 2317 suae
354 2243 466 2316 sortis
485 2243 694 2318 immutatio
713 2244 900 2318 eveniret!

297 2377 319 2407 ‘⁴
342 2368 578 2444 Detrimenta
597 2386 634 2444 et
654 2369 824 2466 pericula,
840 2369 1070 2445 consectaria
1090 2369 1175 2443 belli
1194 2369 1294 2467 quod
1315 2370 1352 2442 in
1374 2367 1504 2443 Eccle-

245 2484 337 2558 siam
358 2487 470 2561 modo
488 2489 639 2586 geritur,
660 2490 814 2563 omnino
832 2506 1111 2564 evanescerent.

297 2611 456 2684 “Haud
486 2613 601 2688 satis:
635 2614 712 2689 Sed
744 2634 781 2689 et
810 2612 1060 2710 amplissimus
1093 2614 1212 2688 honor
1244 2639 1285 2687 ac
1316 2611 1504 2709 praeclara

245 2729 374 2829 gloria,
395 2755 553 2828 quorum
576 2731 725 2832 Religio
743 2752 781 2807 et
802 2732 972 2807 Ecclesia
990 2757 1140 2830 semper
1159 2731 1226 2805 suit
1243 2732 1352 2806 altrix
1379 2729 1503 2804 secun·

246 2845 408 2933 dissima,
430 2848 562 2922 iterum
584 2850 619 2922 in
639 2848 758 2925 electo
783 2851 910 2926 ltaliae
929 2849 1132 2925 catholicae
1152 2849 1232 2924 solo
1252 2836 1437 2922 florerent.

299 2972 401 3046 “Ex
428 2975 618 3073 utriusque
644 2977 773 3050 divina
792 2977 928 3051 virtute
947 2976 1117 3074 publicae
1135 2996 1173 3052 et
1203 2974 1371 3072 privatae
1403 2970 1503 3045 vitae

248 3115 392 3164 morum
417 3092 595 3166 correctio
622 3112 756 3190 sponte
777 3094 863 3168 inde
886 3093 1131 3193 germinaret;
1153 3091 1333 3168 naturalia
1352 3087 1505 3164 familia·

248 3232 327 3282 rum
343 3206 488 3281 vincula
503 3211 819 3299 confirmarentur,
834 3231 946 3310 atque
961 3213 997 3286 in
1012 3213 1113 3285 omni
1128 3211 1263 3284 civium
1278 3209 1420 3294 ordine,
1435 3207 1504 3280 sub

248 3325 377 3400 morali
394 3351 438 3400 ac
458 3326 633 3425 religioso
661 3330 852 3406 Ecclesiae
880 3330 1031 3417 influxu,
1052 3329 1163 3405 officii
1182 3355 1315 3404 sensus
1334 3348 1372 3404 et
1390 3325 1506 3402 fideli-

248 3446 336 3521 tatis
356 3446 516 3520 vividius
536 3446 770 3521 excitaretur.
1245 3433 1251 3443 ⁸

302 3576 321 3606 ¹¹
344 3565 597 3640 Reconciliata
616 3591 707 3661 pace
727 3592 808 3639 cum
832 3567 1010 3653 Ecclesia,
1029 3567 1202 3667 religiosa
1222 3566 1344 3639 unitas
1361 3590 1403 3637 ac
1418 3562 1505 3636 civi·

248 3681 293 3754 lis
311 3682 510 3754 eoncordia
528 3685 664 3757 arctius
683 3703 1024 3783 coagmentaretur;
1057 3685 1192 3759 divisio
1221 3700 1384 3759 cessaret
1412 3680 1507 3754 inter

249 3800 451 3874 catholicos
474 3799 665 3876 Ecclesiae
684 3801 812 3878 fideles
831 3821 944 3901 atque
974 3802 1128 3890 ltaliam,
1150 3828 1246 3902 quae
1266 3800 1334 3875 bac
1365 3797 1508 3873 ratione

250 3918 474 3993 elementum
494 3920 635 3993 ordinis
654 3946 696 3993 ac
715 3920 843 3994 salutis
862 3920 1130 3995 validissimum
1149 3921 1368 4019 acquireret.

303 4045 483 4142 “Aequis
501 4046 661 4119 Romani
685 4047 874 4121 Pontificis
907 4048 1219 4145 postulationibus
1251 4043 1430 4141 exceptis,
1447 4068 1506 4117 su·

251 4162 389 4261 premis
409 4163 489 4234 eius
508 4163 649 4237 iuribus
663 4166 801 4263 agnitis
815 4192 857 4240 ac
873 4167 1082 4252 vindicatis,
1100 4166 1310 4262 eodemque
1333 4164 1506 4236 Romano

254 4279 435 4354 Pontifice
454 4281 489 4353 in
510 4306 591 4354 earn
612 4284 744 4357 iterum
775 4286 1027 4360 conditionem
1057 4286 1238 4370 restituto,
1257 4285 1291 4357 in
1312 4308 1386 4380 qua
1405 4305 1505 4365 vera,

252 4397 362 4497 plena
389 4419 502 4496 atque
533 4399 678 4497 integra
705 4400 878 4478 libertate
904 4403 1096 4491 frueretur,
1117 4428 1249 4477 caussa
1267 4401 1417 4475 abesset
1444 4422 1509 4473 cur

290 4665 443 4736 1.Encycl.
461 4678 491 4735 15
506 4665 570 4721 Oct.
587 4665 661 4733 1890.
