3496 5482
638 560 760 610 CAPUT
788 559 953 609 SEXTUM.
1359 557 1427 624 109

217 725 347 821 AEque
365 721 506 796 ordinis
524 718 669 793 socialis
687 743 730 791 ac
749 717 835 792 fidei
854 717 1086 791 subversivae
1112 716 1261 790 suerunt
1289 716 1429 790 diutur-

168 868 226 916 nae
244 839 539 914 machinationes
557 837 828 933 Imperatorum
852 834 1053 931 Byzantiae,
1073 834 1137 932 qui
1155 833 1357 908 studebant
1367 834 1430 931 jus

167 958 390 1035 catholicum
409 958 444 1030 vi
465 954 525 1030 vel
544 955 679 1028 astutia
698 953 919 1049 opprimere.

221 1076 409 1151 Eumdem
438 1073 509 1147 sibi
536 1089 810 1169 proposuerunt
836 1096 1002 1167 scopum,
1024 1088 1192 1167 tempore
1216 1070 1328 1165 medii
1347 1071 1429 1156 aevi,

172 1196 421 1292 Imperatores
438 1189 627 1275 Germani,
645 1189 718 1286 qui,
740 1188 770 1261 si
793 1188 955 1262 Romani
978 1188 1178 1263 Pontifices
1194 1214 1268 1263 non
1288 1189 1433 1264 fortiter

58 1351 61 1354 >
168 1313 222 1386 eis
252 1309 484 1394 restitissent,
505 1307 653 1381 civilem
672 1307 890 1380 societatem
918 1305 965 1379 ad
993 1307 1254 1405 paganismum
1278 1307 1432 1403 primiti·

168 1455 268 1517 vum,
290 1428 348 1502 vel
369 1427 481 1501 etiam
499 1425 546 1499 ad
562 1424 729 1522 pejorem
748 1426 950 1522 quemdam
970 1424 1207 1500 reduxissent
1225 1454 1232 1513 ;
1253 1451 1338 1499 nam
1354 1451 1432 1501 cor·

170 1548 292 1646 ruptio
310 1546 452 1645 optimi,
464 1543 638 1644 pessima.

219 1668 278 1767 B)
308 1668 397 1740 Post
416 1665 574 1762 primam
594 1663 692 1738 illam
712 1662 894 1760 epocham
915 1663 1202 1760 Imperatorum,
1215 1665 1278 1762 qui
1299 1664 1434 1739 frustra

169 1787 293 1861 conati
312 1804 397 1858 sunt
416 1782 676 1882 paganismum
697 1782 928 1867 resuscitare,
954 1781 1057 1855 venit
1089 1783 1233 1880 epocha
1253 1784 1379 1880 plebis,
1397 1784 1434 1856 in

170 1929 244 2001 qua
272 1901 453 2001 vigebant
482 1918 594 1974 sectae
626 1897 696 1971 illae
729 1897 882 1972 famosae
904 1899 1165 1986 anti-sociales
1187 1925 1436 1998 praecursores

174 2024 396 2096 Massonum
419 2046 461 2093 ac
493 2018 762 2092 socialistarum
792 2017 1067 2092 modernorum.
1101 2020 1240 2094 Mirum
1259 2038 1317 2095 est
1335 2020 1435 2094 enim
1461 2037 1463 2041 ’

170 2140 361 2238 quomodo
379 2138 512 2212 horum
531 2136 624 2210 falsa
645 2134 827 2233 principia
845 2135 969 2232 quoad
990 2136 1281 2224 naturalismum,
1303 2138 1436 2235 princi-

170 2258 272 2357 pium
301 2255 540 2341 auctoritatis,
556 2256 619 2353 jus
648 2254 895 2351 proprietatis,
911 2254 1092 2329 unitatem
1111 2274 1149 2330 et
1176 2256 1437 2331 indissolubili·

171 2394 286 2452 tatem
317 2376 553 2460 matrimonii,
574 2368 731 2471 aliaque,
753 2372 981 2447 concordent
1005 2400 1090 2448 cum
1115 2374 1260 2449 illorum
1279 2375 1435 2474 placitis,

155 2496 294 2571 omnis
313 2495 453 2568 ordinis
474 2491 637 2592 religiosi
657 2509 694 2564 et
713 2489 833 2564 civilis
851 2490 961 2588 plane
981 2492 1222 2568 subversivis.

226 2615 460 2690 Pullulabant
482 2611 682 2686 Manichaei
711 2610 870 2685 redivivi
895 2612 932 2684 in
963 2612 1071 2686 ltalia
1097 2614 1168 2686 sub
1198 2612 1440 2688 Pontificibus

174 2733 337 2820 Gelasio,
357 2729 587 2829 Symmacho
614 2747 652 2804 et
680 2729 896 2816 Hormisda,
945 2731 982 2803 in
1015 2731 1147 2818 Gallia,
1169 2733 1375 2831 praesertim
1403 2732 1441 2805 in

173 2852 472 2952 Aquitaniaubi
491 2871 529 2925 et
546 2850 685 2924 clerum
705 2851 827 2947 ipsum
848 2850 1078 2941 infecerunt;
1108 2852 1144 2927 in
1174 2853 1378 2928 Germania
1404 2871 1442 2927 et

174 2973 210 3045 in
230 2972 438 3070 principatu
461 2969 672 3054 Leodiensi,
695 2969 927 3066 ubicumque,
949 2971 1019 3043 sub
1047 2971 1150 3046 larva
1176 2973 1384 3046 sanctitatis
1403 2988 1441 3045 et

173 3090 299 3188 specie
313 3089 506 3175 castitatis,
524 3113 608 3162 sese
624 3087 798 3161 maximis
814 3088 1011 3163 tradebant
1031 3089 1281 3187 impudicitiis
1299 3091 1440 3164 ruinam

178 3207 386 3306 Religionis
404 3233 447 3280 ac
466 3205 656 3280 societatis
675 3204 794 3278 civilis
815 3204 1012 3280 molientes
1031 3205 1087 3306 (¹).

230 3326 365 3399 Postea
384 3326 454 3398 orti
473 3342 559 3398 sunt
579 3323 742 3410 Cathari‚
759 3322 998 3422 Albigenses,
1016 3324 1239 3414 Wicleffitae,
1261 3327 1441 3414 Hussitae,

178 3443 376 3529 Fraticelli,
397 3468 492 3540 quos
521 3468 653 3516 omnes
677 3460 843 3538 potestas
872 3442 991 3522 civilis
1017 3462 1146 3518 coacta
1165 3464 1221 3519 est
1241 3445 1441 3533 debellare,

178 3587 252 3635 non
271 3563 376 3658 quasi
392 3561 520 3634 hostes
535 3561 725 3659 religionis
745 3578 900 3647 tantum,
916 3562 983 3634 sed
998 3580 1036 3636 et
1050 3586 1125 3659 qua
1144 3564 1313 3638 inimicos
1325 3564 1441 3640 socie·

177 3680 264 3754 tatis
283 3698 321 3752 et
339 3680 481 3752 ordinis
501 3678 666 3751 stabiliti.

233 3797 321 3871 Non
347 3822 484 3894 paucos
504 3822 552 3869 ex
579 3796 766 3871 erroribus
793 3821 934 3885 eorum,
957 3800 1164 3896 praesertim
1189 3802 1286 3876 circa
1304 3802 1443 3877 cultum

180 3916 360 4001 divinum,
370 3915 623 3989 obedientiam
638 3914 737 3987 civili
752 3916 928 4012 potestati
941 3915 1118 4004 debitam,
1129 3921 1191 4017 jus
1206 3922 1444 4019 proprietatis

181 4062 224 4111 ac
243 4037 530 4119 matrimonium,
556 4035 872 4109 resuscitaverunt
897 4037 1095 4112 socialistae
1115 4040 1232 4113 nostri
1262 4039 1443 4130 hodierni,

183 4154 235 4229 uti
255 4153 418 4229 latentur
433 4153 491 4227 vel
506 4153 711 4226 doctissimi
731 4153 826 4226 inter
841 4153 1174 4254 historiographos.

237 4273 390 4346 Etenim
407 4273 454 4345 de
473 4272 697 4357 Fratz'cellis,
715 4298 780 4345 seu
794 4271 895 4345 salsis
914 4271 1088 4348 fratribus
1109 4276 1331 4364 Minoribus,
1347 4296 1447 4351 recte

185 4395 351 4470 scribunt
373 4392 613 4467 Bollandistae
635 4420 643 4467 ;
676 4392 785 4488 “Qui
804 4395 1044 4491 perpenderit
1063 4396 1252 4471 doctrinas
1271 4398 1318 4471 ab
1337 4397 1391 4471 eis
1411 4398 1448 4471 in

187 4513 335 4613 plebem
354 4538 512 4610 sparsas,
530 4512 636 4585 facile
654 4512 862 4610 perspiciet,
885 4538 962 4587 rem
982 4514 1169 4610 publicam
1197 4515 1344 4590 civilem
1374 4541 1448 4592 non

229 4729 250 4769 t.
266 4714 504 4783 Hergenroether,
524 4714 602 4768 Ht'st.
615 4717 648 4767 de
660 4700 790 4784 l'Eglise,
804 4722 822 4768 t.
838 4714 894 4783 lll,
907 4731 933 4784 p.
947 4730 1008 4785 490.
