3496 5482
188 474 417 487 δὴ

650 543 777 596 canuc
804 543 969 595 saxeum.
1373 543 1442 616 123

188 712 210 745 ‘⁸
228 730 427 804 rerumque
445 707 675 804 publicarum
694 709 859 782 rectores
884 706 954 779 visi
973 722 1070 792 sunt,
1089 705 1227 803 quibus
1245 730 1357 781 curae
1374 706 1442 782 fuit

191 832 211 863 ‘¹
230 824 448 900 societatem
471 828 723 901 Massonicam
743 826 803 901 vel
823 826 922 923 apud
942 825 1202 922 Apostolicam
1222 827 1361 901 Sedem
1388 851 1444 900 ar·
1495 895 1497 901 .

204 961 356 1044 ‘gnere
377 946 437 1021 vel
457 973 591 1044 perse,
610 947 695 1022 latis
714 949 760 1021 ad
797 948 833 1021 id
855 946 1011 1048 legibus,
1042 974 1163 1024 noxae
1187 947 1375 1035 damnare,
1404 964 1445 1022 ut

190 1075 210 1106 ‘⁴
231 1065 267 1138 in
288 1063 503 1155 Hollandia,
524 1067 687 1154 Austria,
723 1065 912 1152 Helvetia,
947 1067 1144 1165 Hispania,
1175 1055 1343 1153 Bavaria,
1379 1067 1445 1142 Sa·

176 1190 211 1258 ,“
231 1182 376 1269 baudia,
397 1183 553 1281 aliisque
576 1183 692 1258 Italiae
705 1184 884 1282 partibus.

241 1311 294 1372 12.
312 1311 333 1340 ‘⁴
354 1300 466 1396 Quod
481 1321 606 1377 tamen
620 1326 709 1400 prae
721 1302 879 1377 coeteris
891 1301 1056 1387 interest,
1065 1302 1307 1399 prudentiam
1318 1303 1446 1378 Deces-

191 1426 212 1456 “
230 1444 355 1492 sorum
389 1431 600 1494 nostrorum
635 1445 764 1494 rerum
791 1429 939 1494 eventus
978 1421 1233 1517 comprobavit.
1275 1421 1446 1517 Ipsorum

191 1545 211 1575 “
228 1537 328 1611 enim
357 1539 536 1635 providae
555 1543 809 1636 paternaeque
828 1563 938 1612 curae
958 1563 1032 1611 non
1052 1563 1201 1635 semper
1221 1562 1288 1613 nec
1307 1538 1447 1636 ubique

192 1666 210 1695 “
231 1675 391 1754 optatos·
412 1658 622 1734 habuerunt
652 1659 797 1746 exitus;
830 1659 942 1756 idque
960 1659 1005 1757 a)
1023 1657 1083 1733 vel
1103 1658 1306 1744 hominum,
1327 1660 1390 1757 qui
1410 1660 1446 1733 in

193 1785 214 1816 “
233 1799 278 1851 ea
297 1802 395 1851 noxa
412 1797 550 1865 essent,
583 1772 820 1853 simulatione
851 1798 889 1852 et
921 1796 1013 1865 astu,
1034 1776 1095 1851 vel
1115 1778 1135 1851 b
1135 1779 1156 1877 )
1174 1778 1447 1852 inconsiderata

193 1904 214 1934 ‘⁴
232 1893 385 1972 levitate
399 1914 643 1984 coeterorum,
656 1920 814 1995 quorum
827 1897 991 1971 maxime
1005 1895 1233 1970 interfuisset
1248 1895 1449 1996 diligenter

192 2025 213 2055 ‘⁴
233 2019 440 2094 attendere.
454 2018 473 2047 ’⁸

244 2134 394 2211 Revera
411 2138 474 2236 :a)
488 2137 599 2213 Multi
620 2137 831 2224 Massones,
849 2137 1055 2235 praesertim
1072 2134 1176 2210 multi
1187 2135 1303 2210 duces
1317 2159 1447 2212 eorum

195 2251 464 2330 simulabantur
504 2272 645 2331 sectam
680 2281 785 2331 suam
818 2256 1019 2353 pessimam
1056 2279 1139 2329 esse
1175 2252 1446 2342 inoffensivam,

193 2372 410 2448 societatem
433 2372 767 2472 philanthropicam
783 2391 940 2460 tantum,
958 2371 1046 2448 nulli
1072 2371 1243 2472 religioni
1262 2371 1446 2458 hostilem,

192 2508 260 2565 etc.
278 2491 319 2591 b)
336 2518 382 2567 ex
402 2493 517 2569 altera
543 2511 648 2592 parte
668 2494 744 2568 sere
755 2495 856 2568 omni
877 2513 1046 2592 tempore
1060 2511 1098 2568 et
1112 2518 1349 2592 quocumque
1365 2492 1448 2568 loco

192 2608 338 2706 plurimi
361 2612 552 2711 Principes
570 2612 843 2687 inconsiderate
862 2613 895 2687 ei
916 2637 1053 2687 nomen
1074 2612 1258 2688 dederunt
1273 2609 1327 2712 (¹).
1497 2703 1502 2715 ι

231 2736 251 2767 “
271 2727 399 2824 Quare
418 2731 527 2805 unius
545 2730 681 2806 saeculi
700 2730 958 2828 dimidiatique
972 2731 1094 2828 spatio
1109 2747 1211 2805 secta
1225 2729 1449 2804 Massonum

195 2856 215 2886 “
234 2849 282 2921 ad
301 2848 529 2926 incrementa
557 2852 770 2948 properavit
799 2851 976 2948 opinione
995 2850 1150 2952 maiora;
1180 2848 1450 2947 inserendoque

193 2970 315 3043 “sese
343 2995 409 3066 per
430 2971 622 3044 audaciam
641 2987 679 3044 et
696 2968 803 3043 dolos
831 2970 867 3042 in
886 2993 1018 3043 omnes
1038 2966 1262 3065 reipublicae
1284 2966 1446 3053 ordines,

194 3095 215 3126 ‘⁶
235 3104 379 3161 tantum
393 3087 473 3187 jam
492 3113 603 3186 posse
621 3088 754 3186 coepit,
771 3105 812 3162 ut
830 3113 947 3185 prope
965 3085 1147 3160 dominari
1167 3087 1204 3160 in
1235 3085 1449 3161 civitatibus

196 3214 215 3244 ‘¹
236 3206 417 3281 videatur.
438 3205 456 3233 ”

245 3327 389 3401 Notum
419 3347 477 3403 est
506 3329 605 3403 enim
634 3355 717 3404 eam
750 3329 933 3403 dominari
965 3329 1002 3402 in
1037 3327 1154 3414 ltalia,
1187 3327 1223 3400 in
1254 3326 1388 3413 Gallia,
1409 3327 1446 3400 in

193 3444 355 3531 Austria,
377 3446 414 3519 in
428 3446 631 3532 Lusitania,
651 3464 720 3534 etc,
742 3463 779 3522 et
791 3446 1006 3522 dominasse
1025 3447 1061 3520 in
1093 3446 1276 3545 gubernio
1294 3444 1448 3543 Belgico

191 3562 239 3635 ab
253 3588 353 3638 anno
370 3568 463 3659 1857
476 3566 524 3638 ad
549 3568 644 3658 1870
658 3581 696 3640 et
716 3565 834 3663 magis
853 3565 1008 3639 adhuca
1025 3567 1118 3658 1878
1138 3563 1185 3638 ad
1203 3566 1297 3656 1884
1317 3587 1445 3661 usque.

244 3691 265 3720 ‘⁸
285 3682 346 3754 Ex
366 3682 435 3756 hoc
456 3701 531 3757 tam
550 3682 660 3757 celeri
691 3682 1006 3781 formidolosoque
1032 3708 1142 3756 cursu
1161 3680 1222 3755 illa
1240 3706 1371 3756 revera
1389 3697 1446 3756 est

191 3811 211 3841 “
230 3801 267 3874 in
288 3801 507 3890 Ecclesiam,
529 3802 566 3877 in
592 3821 817 3901 potestatem
847 3803 1071 3901 Principum,
1093 3802 1130 3876 in
1148 3801 1305 3876 salutem
1325 3798 1443 3897 publi-

193 3930 212 3960 “
231 3946 312 3995 cam
334 3923 516 4019 pernicies
545 3942 755 4010 consecuta,
788 3949 900 4022 quam
923 3923 1153 3998 Decessores
1175 3919 1307 3995 Nostri
1329 3917 1446 3992 multo

192 4049 318 4115 “ante
349 4041 599 4137 providerant.
634 4040 694 4116 Eo
717 4042 819 4117 enim
852 4059 1073 4140 perventum
1105 4057 1172 4124 est,
1207 4055 1247 4112 ut
1265 4036 1375 4111 valde
1396 4037 1445 4112 sit
1526 4083 1531 4095 ·

191 4168 212 4200 ‘⁴
232 4159 374 4258 reliquo
393 4179 561 4258 tempore
581 4163 833 4248 metuendum,
856 4187 930 4236 non
952 4158 1144 4234 Ecclesiae
1158 4158 1322 4256 quidem,
1347 4180 1444 4255 quae

190 4286 211 4317 “
229 4277 341 4376 longe
353 4278 493 4352 firmius
505 4279 619 4355 habet
639 4280 1054 4376 fundamentumquam
1067 4294 1107 4351 ut
1120 4275 1313 4351 hominum
1328 4299 1444 4370 opera

189 4554 256 4607 ceps
270 4539 392 4607 sapiens,
406 4550 492 4594 sectae
505 4540 674 4595 massonicae
698 4541 857 4610 adscriptos
871 4551 940 4608 erat,
953 4539 992 4594 uti
1007 4538 1083 4592 licuit
1097 4537 1247 4592 occasione
1263 4534 1357 4590 obitus
1375 4535 1445 4605 ejus,

190 4617 385 4750 erg6epistolaa
401 4618 666 4688 Magistro-Majori
683 4621 748 4675 Van
768 4621 877 4676 Schoor
895 4621 923 4673 in
944 4618 1088 4689 publicam
1110 4618 1202 4672 lucem
1224 4614 1308 4682 edita,
1328 4629 1355 4669 ιι
1373 4615 1443 4670 Dec.

194 4710 203 4748 1
246 4711 269 4766 5.
976 4721 981 4727 ·
