3496 5482
655 550 778 603 CAPUT
805 551 972 602 SEXTUM.
1094 599 1096 602 .
1377 555 1442 605 121

242 711 329 786 Pius
351 712 410 786 IX
428 713 502 809 jam
519 712 555 785 in
577 708 778 810 Encyclica
800 715 880 805 Qui
886 716 1073 813 pluribus,
1095 715 1156 790 die
1176 741 1199 809 9
1216 713 1446 790 Novembris

195 832 288 922 1846
319 830 417 916 data,
450 823 645 904 denuntiat
666 843 687 871 ‘¹
716 827 921 908 malitiosus
951 844 1078 908 contra
1108 834 1204 907 hanc
1237 831 1447 910 Romanam

192 949 407 1023 Beatissimi
439 951 553 1024 Petri
566 950 786 1043 cathedram.
804 952 822 981 ”
849 953 901 1026 Et
936 953 1064 1026 addit:
1098 963 1118 992 ‘¹
1155 952 1244 1027 Huc
1275 969 1446 1050 spectant

188 1066 428 1144 clandestinae
459 1069 530 1145 illae
558 1087 671 1145 sectae
699 1097 721 1145 e
749 1072 916 1146 tenebris
944 1072 992 1145 ad
1026 1071 1077 1146 rei
1110 1088 1188 1145 tum
1220 1096 1345 1159 sacrae,
1367 1089 1445 1146 tum

187 1185 344 1282 publicae
384 1188 539 1263 exitium
572 1214 737 1272 emersae,
771 1207 884 1287 atque
916 1216 938 1263 a
970 1189 1153 1264 Romanis
1191 1189 1445 1277 Pontificibus,

191 1304 464 1380 Decessoribus
495 1307 657 1392 Nostris,
693 1307 826 1382 iterato
864 1308 1109 1383 anathemate
1146 1309 1334 1383 damnatae
1369 1308 1446 1382 suis

191 1421 353 1510 Litteris,
377 1450 471 1521 quas
499 1449 567 1499 nos
598 1425 829 1522 Apostolicae
862 1426 1014 1500 Nostrae
1057 1424 1256 1523 potestatis
1288 1425 1447 1524 plenitu-

185 1539 274 1615 dine
291 1541 564 1629 confirmamus,
586 1559 623 1617 et
641 1541 932 1642 diligentissime
950 1543 1344 1630 servarimandamus.
1366 1545 1390 1572 '⁹‘

241 1658 740 1757 Postridieproclamationis
758 1660 948 1760 dogmatis
984 1661 1238 1737 Immaculatae
1270 1662 1446 1761 Deiparae

187 1777 456 1878 Conceptionis
471 1779 558 1855 Pius
575 1781 671 1866 lX,“
687 1798 877 1879 tamquam
891 1807 939 1856 ex
961 1806 1046 1856 arce
1064 1780 1273 1882 Religionis
1297 1782 1445 1858 intuens

186 1921 351 1974 errorum
371 1916 548 1987 monstra,
568 1927 654 1997 quae
666 1926 734 1998 per
747 1899 972 1976 catholicum
989 1900 1133 1976 Orbem
1146 1902 1215 1976 hac
1228 1901 1445 1977 difficillima

185 2031 297 2090 aetate
315 2035 542 2116 grassantur,
563 2019 580 2046 '’
599 2064 650 2074 —
671 2018 853 2115 imprimis
872 2019 990 2094 cernit
1011 2019 1223 2095 Massones.

241 2143 261 2173 “
297 2134 473 2212 Existere
505 2137 620 2211 etiam
654 2162 751 2210 nunc
782 2136 986 2212 dolendum
1019 2156 1086 2224 est,
1121 2136 1252 2236 inquit,
1290 2137 1445 2237 impium

187 2250 458 2326 incredulorum
487 2279 618 2352 genus,
640 2253 703 2351 qui
723 2280 886 2341 omnem,
907 2254 938 2328 si
957 2254 1036 2329 fieri
1056 2271 1194 2352 posset,
1221 2255 1445 2330 extermina·

186 2365 265 2443 tum
297 2369 435 2444 vellent
467 2370 660 2472 religionis
691 2370 857 2461 cultum;
893 2373 1023 2470 eisque
1055 2373 1325 2447 adnumerandi
1358 2390 1445 2447 sunt

185 2487 366 2586 imprimis
390 2489 705 2564 clandestinorum
736 2491 958 2566 societatum
989 2491 1173 2591 gregales,
1207 2491 1270 2590 qui
1304 2491 1445 2566 nefario

185 2606 281 2680 inter
298 2633 339 2682 se
359 2607 499 2682 loedere
517 2609 719 2706 conjuncti,
737 2608 856 2683 nullas
877 2634 951 2683 non
973 2609 1153 2684 adhibent
1167 2627 1278 2697 artes,
1299 2627 1340 2684 ut
1367 2635 1444 2685 rem

184 2745 222 2797 et
253 2748 395 2798 sacram
424 2742 463 2801 et
494 2724 681 2823 publicam
713 2727 942 2823 perturbent,
965 2745 1137 2802 evertant
1155 2755 1163 2817 ;
1182 2726 1219 2801 in
1248 2752 1343 2826 quos
1362 2753 1445 2825 pro·

185 2840 281 2915 lecto
298 2843 413 2917 verba
431 2843 491 2917 illa
509 2843 648 2918 cadunt
667 2843 785 2918 divini
807 2845 1075 2943 Reparatoris:
1109 2856 1130 2885 “
1163 2871 1232 2920 vos
1263 2871 1310 2920 ex
1340 2862 1445 2944 patre

183 2959 333 3035 diabolo
351 2960 451 3047 estis,
472 2979 510 3036 et
528 2962 778 3058 opera‘patris
796 2962 912 3037 vestri
932 2961 1046 3036 vultis
1067 2962 1188 3038 lacere
1208 2960 1263 3063 (¹).
1284 2962 1302 2989 ”

238 3081 336 3157 Dein
356 3100 396 3156 ut
414 3081 504 3156 dicit
521 3079 537 3182 ξ
554 3083 608 3156 IV
623 3081 775 3180 Syllabi,
790 3083 838 3157 de
852 3082 1073 3170 socialism0,
1090 3084 1139 3158 de
1159 3082 1441 3171 communism0,

183 3198 231 3272 de
257 3199 498 3274 societatibus
528 3199 777 3284 clandestinis,
800 3220 894 3274 etc:
919 3200 1155 3299 “Ejusmodi
1184 3219 1312 3298 pestes
1343 3226 1445 3299 saepe

181 3318 488 3415 gravissimisque
500 3318 699 3392 verborum
713 3318 880 3392 formulis
893 3318 1202 3414 reprobantur.ln
1219 3317 1444 3393 allocutione

185 3435 327 3525 Quibus
342 3435 571 3533 quantisque,
591 3460 638 3510 20
652 3435 792 3532 Aprilis
813 3439 906 3528 1849
920 3434 973 3535 (²),
988 3436 1025 3508 in
1042 3434 1243 3532 Encyclica
1256 3436 1390 3509 Nostis
1407 3446 1442 3508 et

181 3554 373 3640 nobiscum,
396 3556 418 3626 8
440 3553 664 3627 Decembris
688 3556 792 3645 1849,
808 3553 845 3626 in
873 3552 1096 3627 allocutione
1121 3552 1329 3650 Singulari
1355 3579 1443 3650 qua·

180 3671 275 3760 dam,
298 3696 320 3764 9
342 3669 564 3745 Decembris
588 3673 692 3765 1854,
722 3670 759 3743 in
789 3668 989 3768 Encyclica
1018 3670 1166 3760 Quanto
1191 3669 1440 3769 conficzomur,

188 3814 231 3865 10
249 3789 414 3889 Augusti
439 3792 542 3882 1863.
561 3788 578 3816 ''

236 3909 393 4005 Insuper
411 3907 510 3981 idem
533 3905 620 3980 Pius
644 3906 701 3980 IX
716 3905 979 3980 excusationes
992 3931 1174 4005 respuens
1193 3905 1441 4004 quorumdam

184 4026 417 4107 Massonum,
437 4025 644 4122 praesertim
669 4023 845 4111 Brasiliae,
867 4044 996 4123 aperte
1023 4024 1251 4098 declaravit:
1273 4034 1294 4062 “
1316 4023 1440 4097 Ponti-

180 4140 281 4214 fictas
312 4144 360 4215 de
393 4142 633 4215 Massonibus
665 4141 951 4214 constitutiones
989 4164 1062 4213 non
1106 4165 1201 4214 unos
1237 4138 1440 4237 percellere

217 4317 238 4355 1.
258 4304 348 4356 Alloc.
395 4304 464 4355 Dec.
483 4303 513 4354 18
552 4342 559 4355 .

214 4396 238 4436 2.
252 4380 269 4409 ‘⁶
282 4315 581 4451 Quas9abominadiles
599 4379 766 4449 perditionis
782 4389 875 4434 sectas
888 4396 945 4433 non
961 4380 1053 4434 solum
1068 4377 1227 4432 animarum
1238 4377 1330 4443 saluti,
1342 4393 1438 4432 verum

178 4460 264 4514 etiam
278 4461 369 4516 civilis
388 4460 533 4515 societatis
554 4460 630 4513 bono
648 4471 677 4514 et
697 4459 895 4529 tranquillitati
909 4459 953 4512 vel
967 4459 1088 4512 maxime
1107 4459 1235 4524 inustas,
1249 4469 1365 4527 atquea
1382 4458 1439 4511 Ro·

178 4538 269 4594 inanis
284 4541 476 4607 Pontificibus,
496 4539 704 4593 Decessoribus
724 4540 847 4606 Nostris,
861 4538 1013 4592 damnatas
1028 4539 1090 4591 Nos
1113 4536 1168 4606 ipsi
1183 4536 1290 4606 jugiter
1302 4537 1437 4592 detestati

177 4637 282 4688 sumus,
296 4619 559 4686 condemnavimus,
572 4628 600 4673 et
613 4635 687 4672 nunc
702 4619 808 4687 pariter
821 4633 953 4687 suprema
972 4618 1080 4672 Nostra
1090 4617 1258 4686 Apostolica
1270 4615 1439 4671 auctoritate

178 4698 280 4754 iterum
294 4700 472 4765 damnamus,
482 4697 667 4767 prohibemus
680 4707 765 4767 atque
776 4696 986 4767 proscribimus.
1001 4696 1014 4724 ''
