3496 5482
259 513 332 599 33⁶
669 527 762 577 rxrx
789 529 849 579 srr
878 530 953 579 nex
982 530 1108 582 noua.

310 690 482 764 Durante
499 688 633 762 eadem
654 690 910 788 negotiatione
940 690 1120 790 Princeps
1136 695 1184 767 de
1206 693 1399 770 Bismarck
1422 698 1519 772 Leo-

257 834 342 883 nem
362 808 468 882 XIII
491 807 599 882 titulo
617 807 820 905 appellavit
838 835 950 907 quem
978 811 1015 884 in
1034 811 1253 909 diplomatia
1270 814 1360 889 solis
1381 817 1519 892 Princi-

255 927 365 1026 pibus
383 926 463 1000 dari
481 924 588 1009 solet,
610 925 808 1024 ideamque
835 945 1045 1025 comportat
1063 929 1245 1004 absolutae
1264 932 1518 1030 independen-

255 1043 317 1117 tiae
336 1060 374 1119 et
392 1067 577 1140 supremae
595 1043 837 1130 auctoritatis,
858 1069 944 1118 eum
964 1047 1136 1121 vocando
1157 1056 1177 1085 ¹⁴
1198 1048 1303 1122 Srttn.
1325 1050 1344 1076 ‘⁹

306 1163 371 1238 Sic
389 1182 428 1238 et
446 1160 587 1261 Anglia
605 1164 883 1259 protestantica,
903 1165 1100 1240 occasione
1119 1166 1364 1242 festivitatum
1380 1170 1516 1266 jubila·

255 1285 349 1358 rium
371 1282 530 1381 Reginae
548 1281 725 1357 Victoriae
744 1308 874 1358 mense
904 1283 1018 1382 Junio
1042 1289 1135 1380 1887
1155 1287 1191 1360 in
1211 1287 1389 1386 palatium
1423 1291 1517 1365 Buc-

254 1403 538 1501 kinghamense,
586 1399 773 1498 Legatum
820 1402 960 1477 Leonis
1006 1403 1110 1478 XIII
1151 1406 1299 1503 excepit
1345 1407 1389 1481 iis
1428 1434 1512 1482 cum

253 1519 458 1595 honoribus
486 1517 550 1615 qui
583 1536 727 1591 tanturn
758 1518 993 1617 Principibus
1023 1523 1211 1597 coronatis
1243 1524 1353 1598 tribui
1378 1525 1512 1602 solent.

253 1639 434 1737 Quinimo
453 1639 535 1736 ipse
565 1637 774 1711 Turcarum
809 1638 1019 1736 Imperator
1036 1641 1222 1715 mittendo
1256 1641 1375 1718 Leoni
1405 1644 1510 1720 XIII

247 1757 422 1859 jubilanti
452 1755 732 1853 inscriptionem
753 1755 935 1830 famosam
955 1757 1113 1845 Abertii,
1134 1784 1200 1856 pet
1221 1759 1409 1860 Legatum
1428 1789 1513 1862 spe·

251 1873 384 1951 cialem
402 1898 487 1948 eum
507 1891 547 1946 ut
569 1873 715 1971 Regem
735 1871 849 1947 coluit
866 1871 923 1973 (¹)

301 1992 391 2091 Jure
422 1990 631 2088 meritoque
658 2014 750 2088 ergo
769 2008 874 2064 notat
905 1990 1032 2089 gravis
1060 2010 1098 2066 et
1128 1994 1324 2091 perspicax
1347 1995 1396 2069 D.
1417 1996 1512 2070 Ver·

251 2136 406 2210 speyen,
430 2109 532 2207 quod
556 2128 689 2182 omnes
709 2133 845 2205 nempe
864 2109 1045 2196 nationes,
1079 2110 1215 2208 quibus
1233 2137 1321 2185 cura
1349 2132 1407 2188 est
1426 2138 1513 2188 con·

251 2230 476 2306 servationis
494 2229 552 2302 sui
571 2228 697 2326 ipsius
718 2228 871 2326 propius
889 2231 937 2303 ad
959 2230 1100 2327 Papam
1118 2232 1301 2307 accedunt
1320 2230 1374 2333 (²).

300 2365 334 2426 9.
357 2353 552 2436 Praeterea,
571 2349 718 2423 etiamsi
739 2349 841 2446 Papa
860 2348 961 2424 nullo
980 2349 1137 2447 polleret
1155 2354 1241 2450 jure
1265 2352 1302 2427 in
1325 2353 1512 2452 Principa-

250 2491 329 2546 tum
348 2467 507 2554 civilem,
534 2485 572 2541 et
601 2491 725 2540 merus
752 2485 854 2540 esset
875 2467 1049 2542 Pontifex
1078 2495 1275 2566 supremus
1303 2497 1402 2546 verae
1431 2473 1512 2547 reli-

248 2586 373 2689 gionis
403 2585 615 2661 christianae
644 2601 682 2657 et
711 2583 916 2658 Successor
950 2586 1060 2673 Petri,
1089 2587 1211 2662 adhuc
1243 2608 1369 2663 tamen
1401 2588 1513 2687 plena

249 2707 429 2783 securitas
440 2724 478 2780 et
491 2703 645 2778 libertas
659 2703 696 2776 in
715 2729 894 2802 supremo
911 2706 1035 2781 officio
1054 2707 1123 2805 ipsi
1142 2710 1397 2807 comparanda
1407 2713 1513 2785 cordi

248 2853 334 2903 esse
360 2827 527 2910 deberet,
548 2849 624 2898 non
646 2823 767 2898 solum
796 2825 940 2899 cunctis
967 2825 1182 2901 nationibus
1200 2828 1422 2915 christianis,
1443 2831 1512 2904 sed

248 2947 455 3045 praesertim
487 2944 625 3018 nostris
654 2945 885 3043 temporibus
916 2945 1091 3020 omnibus
1121 2948 1285 3022 cordatis
1317 2949 1417 3035 viris,
1447 2952 1512 3048 qui

247 3069 392 3143 sincere
408 3085 545 3140 nostrae
564 3065 754 3140 societatis
774 3066 881 3140 malis
901 3066 1041 3140 mederi
1061 3086 1243 3165 quaerunt.

301 3190 402 3286 Papa
419 3187 530 3272 enim,
545 3186 715 3259 Vicarius
730 3186 880 3272 Christi,
899 3187 1165 3285 Redemptoris
1177 3207 1214 3261 et
1230 3189 1510 3264 Restauratoris

246 3307 398 3407 generis
417 3304 581 3388 humani,
593 3322 706 3401 caput
719 3323 777 3379 est
796 3303 988 3401 spirituale
1007 3304 1275 3380 catholicorum
1294 3289 1509 3405 Belgarum,

247 3424 471 3523 AngIorum,
501 3423 769 3507 Hibernorum,
801 3422 1011 3507 Scotorum,
1037 3423 1275 3509 Batavorum,
1300 3424 1509 3513 Danorum,

248 3543 452 3628 Gallorum,
468 3542 754 3626 Germanorum,
769 3542 1061 3628 Austriacorum,
1084 3540 1295 3628 Slavorum,
1320 3544 1510 3632 Italorum,

251 3661 521 3758 Hispanorum,
553 3658 828 3743 Lusitanorum,
856 3658 1106 3733 Orientalium
1135 3681 1173 3734 et
1198 3659 1510 3750 Occidentalium,

247 3779 604 3880 Septentrionalium
617 3799 656 3853 et
671 3777 980 3862 Meridianorum,
998 3777 1247 3852 Barbarorum
1262 3803 1305 3851 ac
1319 3780 1511 3854 America-

247 3925 388 3973 norum.
405 3899 510 3972 Num
530 3896 722 3971 hodiernae
741 3894 956 3994 reipublicae
976 3896 1254 3970 moderatorum
1268 3897 1424 3994 perinde
1444 3899 1511 3971 mi·

245 4019 345 4093 nime
364 4019 563 4092 interesset
581 4041 693 4090 causa
711 4033 748 4090 et
768 4015 920 4088 libertas
940 4013 1036 4088 illius
1058 4015 1169 4111 juxta
1196 4016 1303 4112 cujus
1322 4036 1511 4113 praecepta

244 4136 499 4233 comparative
508 4136 627 4233 major
638 4159 724 4230 pars
737 4134 873 4206 civium
886 4157 1015 4206 earum
1028 4156 1153 4207 mores
1164 4157 1298 4231 gerere
1317 4134 1512 4208 tenentur?

1348 4247 1502 4258 ——-—

282 4304 303 4344 r.
323 4290 386 4343 Van
401 4290 519 4357 Duerm,
532 4289 551 4342 l.
564 4305 595 4356 c.,
609 4306 637 4358 p.
651 4302 694 4353 44.

278 4384 302 4423 2.
322 4368 336 4395 ‘⁶
347 4369 453 4422 Toutes
466 4368 508 4422 les
520 4367 689 4422 Puissances
700 4365 863 4421 soucIeuses
872 4365 909 4420 de
918 4365 979 4419 leur
988 4365 1087 4420 avenir
1095 4375 1123 4420 et
1133 4367 1168 4420 de
1179 4366 1240 4420 leur
1251 4366 1352 4421 interiet
1362 4377 1482 4435 songent
1493 4367 1512 4420 a

241 4465 272 4503 se
286 4448 460 4518 rapprocher
473 4447 511 4501 du
526 4448 637 4516 Pape...
654 4448 678 4500 Il
691 4448 761 4500 n’est
775 4460 827 4514 pas
840 4461 879 4498 un
892 4431 971 4511 Etat,
983 4445 1057 4499 fut-il
1071 4446 1107 4499 de
1120 4446 1245 4515 premier
1260 4445 1352 4513 ordre,
1366 4457 1394 4499 et
1407 4447 1511 4502 hostile

243 4544 279 4583 au
293 4526 499 4595 catboIIcisme,
512 4527 560 4597 qui
574 4543 611 4581 ne
624 4541 797 4596 comprenne
816 4523 994 4593 aujourd'hui
1007 4526 1090 4594 qu’en
1105 4537 1237 4596 rompant
1251 4542 1320 4579 avec
1340 4527 1367 4580 le
1381 4524 1511 4596 Vatican,

240 4607 259 4661 il
272 4607 489 4662 s’amoindrirait
513 4607 665 4674 lui-meme,
692 4606 710 4659 il
732 4602 892 4672 derogerait
905 4602 923 4656 a
936 4620 989 4659 son
1002 4621 1080 4674 rang,
1094 4605 1114 4658 il
1132 4605 1257 4675 perdrait
1271 4622 1322 4660 son
1338 4605 1485 4662 influence.
1497 4608 1511 4634 ”

239 4686 346 4757 (Lr'vre
357 4687 468 4740 d¹ordu
481 4688 565 4740 Pont.
582 4687 617 4740 de
628 4687 704 4740 Le‘rm
716 4685 805 4748 XIII,
820 4702 846 4754 p.
862 4683 934 4752 295.)
