3496 5482
315 688 360 739 10
719 687 812 737 PAPA
841 687 900 736 SIT
929 686 1002 736 REX
1031 685 1158 737 ROMAE.

309 877 458 928 causam
477 853 533 926 sui
549 853 655 950 regni
675 851 712 926 in
732 852 839 927 terris
855 877 928 926 non
942 852 1081 949 patitur
1098 877 1187 927 suos
1205 878 1289 927 esse
1309 852 1566 927 indifferentes

311 999 378 1048 nec
396 975 573 1048 socordes
593 973 673 1068 ipse
686 971 861 1047 Christus
884 970 1083 1047 Dominus.

361 1092 532 1187 Quidni?
566 1093 707 1168 Nonne
730 1093 817 1189 lpse
846 1090 976 1166 dilexit
996 1117 1065 1165 nos
1084 1109 1122 1165 et
1141 1091 1292 1164 tradidit
1312 1090 1565 1188 Semetipsum

308 1237 376 1308 pro
394 1211 511 1298 nobis,
534 1232 573 1285 ut
593 1212 731 1287 laceret
750 1237 818 1285 nos
835 1212 1010 1310 Regnum
1030 1230 1068 1285 et
1086 1211 1301 1284 sacerdotes
1324 1210 1410 1284 Deo
1425 1208 1564 1306 ?Quod

306 1329 338 1402 si
365 1329 448 1427 quis
476 1330 651 1405 sacerdos
680 1354 754 1403 non
784 1329 961 1403 ardenter
997 1348 1098 1403 amet
1128 1328 1255 1425 Jssuru
1282 1328 1491 1402 Cnmsruu
1528 1347 1565 1402 et

310 1446 484 1545 Regnum
509 1446 613 1545 Ejus,
633 1464 671 1521 et
689 1446 816 1520 omnia
829 1471 913 1544 quae
931 1463 1018 1519 sunt
1037 1444 1187 1531 Christi,
1204 1445 1406 1520 anathema
1424 1445 1495 1519 sit!

359 1565 497 1663 Agitur
508 1565 544 1638 in
559 1565 767 1662 quaestione
782 1565 962 1649 Romana,
978 1563 1025 1637 de
1037 1564 1244 1636 animarum
1256 1562 1561 1650 sanctificatione,

307 1681 356 1755 de
395 1681 536 1756 influxu
572 1682 737 1756 salvifico
773 1680 997 1779 praedilectae
1031 1681 1166 1755 Matris
1199 1699 1345 1768 nostrae,
1383 1680 1563 1756 Ecclesiae

308 1817 457 1886 sanctae,
471 1800 663 1876 catholica:
674 1819 712 1875 et
726 1798 952 1898 apostolicae;
964 1799 1011 1873 de
1025 1825 1178 1874 munere
1192 1798 1382 1885 libertatis,
1398 1800 1561 1898 inquam,

309 1917 469 2015 Sponsae
494 1918 644 2002 Christi,
664 1945 740 2016 quo
770 1919 888 2016 ipsam
920 1918 1050 1991 dotare
1079 1917 1243 2016 benigne
1272 1916 1398 1991 voluit.
1421 1928 1440 1956 ‘⁶
1464 1919 1561 2015 lpse,

309 2035 484 2110 Salvator
501 2037 667 2134 corporis
686 2037 777 2135 ejus,
860 2034 990 2109 dilexit
1005 2034 1224 2122 Ecclesiam,
1246 2055 1284 2109 et
1300 2036 1476 2133 Seipsum
1490 2054 1562 2110 tra-

308 2155 403 2230 didit
421 2180 488 2253 pro
507 2182 561 2242 ea,
583 2174 621 2230 ut
640 2155 739 2229 illam
769 2154 1076 2242 sanctificaret...
1099 2175 1139 2229 ut
1168 2155 1364 2229 exhiberet
1387 2155 1474 2252 lpse
1492 2155 1562 2229 sibi

308 2272 509 2373 gloriosam
533 2273 750 2360 Ecclesiam,
783 2299 857 2347 non
889 2272 1090 2347 habentem
1124 2272 1315 2357 maculam,
1337 2293 1400 2347 aut
1420 2298 1560 2370 rugam,

308 2413 372 2464 aut
390 2390 528 2488 aliquid
548 2391 761 2489 hujusmodi
780 2388 834 2489 (¹)
856 2391 874 2417 ’⁸
898 2392 1127 2464 Libertatem
1148 2391 1181 2464 ei
1200 2390 1377 2475 donavit;
1399 2389 1563 2486 nihilque

309 2506 482 2583 Christus
500 2509 595 2582 adeo
626 2508 746 2606 diligit
766 2508 801 2581 in
835 2509 975 2581 mundo
993 2532 1106 2605 quam
1138 2506 1346 2582 libertatem
1382 2505 1563 2579 Ecclesiae

308 2652 385 2700 suae
400 2623 454 2726 (²).
469 2626 545 2702 Sed
565 2625 680 2700 libera
694 2642 773 2699 'non
793 2645 849 2700 est
873 2625 1042 2699 Ecclesia
1055 2625 1103 2698 ad
1123 2612 1276 2700 munera
1294 2651 1361 2698 sua
1375 2625 1560 2707 obeunda,

307 2744 485 2842 quamdiu
500 2743 669 2842 captivus
681 2763 739 2818 est
750 2743 891 2842 ille,qui
907 2763 1018 2841 caput
1030 2746 1110 2842 ejus
1130 2764 1187 2819 est
1203 2743 1348 2818 visibile
1363 2769 1405 2817 ac
1425 2743 1563 2839 Sponsi

311 2865 485 2941 Coelestis
504 2865 683 2941 Vicarius.

360 2985 499 3082 Agitur
517 2985 553 3057 in
573 2983 781 3081 quaestione
803 2985 975 3057 Romana
1003 2985 1050 3058 de
1068 2983 1205 3057 dilecto
1234 3001 1273 3058 et
1301 3001 1431 3056 sancto
1454 2983 1563 3056 Patre

309 3122 438 3177 nostro
453 3132 461 3192 ;
479 3104 527 3178 de
547 3105 743 3203 majestate
776 3106 962 3178 Primatus
975 3103 1083 3188 illius;
1098 3103 1146 3176 de
1158 3103 1309 3177 efficace
1324 3104 1404 3203 ejus
1417 3103 1564 3177 actione

310 3222 346 3295 in
376 3222 555 3295 mundum
588 3223 824 3306 universum;
843 3223 891 3296 de
910 3220 1165 3296 consolatione
1185 3222 1319 3296 animae
1339 3221 1563 3296 venerabilis

310 3341 404 3416 illius
423 3343 535 3427 senis,
553 3343 629 3416 imo
647 3343 695 3416 de
714 3341 929 3421 valetudine
947 3341 1029 3439 ejus
1043 3340 1236 3439 corporali,
1254 3342 1362 3415 nobis
1375 3341 1472 3414 adeo
1484 3366 1564 3438 pre·

311 3460 417 3534 tiosa,

361 3579 499 3677 Agitur
517 3579 564 3652 de
588 3579 791 3654 venerabili
811 3599 909 3653 coetu
940 3579 1241 3678 Purpuratorum,
1263 3579 1311 3653 de
1332 3578 1564 3676 Principibus

312 3698 493 3773 Ecclesiae
507 3699 698 3784 Romanae,
714 3699 761 3771 de
779 3698 997 3772 consiliariis
1017 3700 1133 3796 ipsius
1150 3699 1338 3773 Pontificis
1354 3725 1499 3773 necnon
1516 3699 1564 3772 de

312 3816 689 3915 Congregationibus,
706 3815 745 3890 S.
765 3815 876 3890 Sedis
889 3818 925 3890 in
941 3836 1050 3893 vasto
1069 3817 1170 3889 orbis
1184 3816 1355 3891 catholici
1371 3818 1564 3917 regimine,

310 3935 521 4009 auxiliariis

361 4053 499 4153 Agitur
521 4053 568 4127 de
587 4053 881 4127 consummando
912 4080 979 4127 seu
1009 4051 1241 4127 absolvendo
1269 4053 1439 4128 Concilio
1457 4053 1560 4127 Vati-

310 4197 413 4257 cano,
432 4170 533 4267 quod
554 4196 620 4267 per
630 4169 850 4270 sacrilegam
866 4173 1099 4245 invasionem
1119 4172 1235 4246 Urbis
1254 4191 1329 4245 tam
1347 4169 1563 4245 calamitose

310 4288 378 4362 suit
396 4288 605 4384 abruptum.

360 4405 498 4502 Agitur
509 4405 557 4479 de
566 4405 814 4504 Propaganda
827 4406 901 4481 fide
913 4407 1012 4504 apud
1026 4405 1139 4480 millia
1155 4406 1308 4479 millium
1328 4404 1562 4503 populorum,

309 4523 372 4620 qui
387 4521 507 4595 adhuc
528 4523 563 4594 in
583 4522 747 4595 tenebris
765 4541 802 4596 et
823 4523 858 4596 in
879 4524 1009 4598 umbra
1029 4525 1158 4598 mortis
1177 4542 1327 4598 aeternae
1341 4524 1485 4598 sedent.

311 4678 1202 4688 *mm-*-

350 4765 371 4804 1.
388 4749 497 4820 Ephes,
511 4768 537 4817 v,
559 4764 593 4817 23
606 4760 633 4804 et
648 4768 706 4820 seq.

346 4844 370 4885 2.
385 4830 413 4885 S.
427 4830 590 4884 Anselmus.
