3496 5482
241 541 311 611 302
648 533 741 582 PAPA
767 534 826 583 Sl'l'
855 534 929 583 ltux
958 535 1085 586 ROMAE.

240 700 402 774 maxime
428 693 642 793 repetenda,
662 691 737 790 qui,
758 710 798 766 ut
826 717 931 767 suam
960 719 1027 790 per
1048 694 1165 768 ltaliae
1194 693 1288 772 fines
1314 696 1494 769 ditionem

239 818 455 902 extendant,
476 814 640 887 humatur
657 811 912 910 quaquejura
942 839 984 886 ac
1010 813 1138 887 dz'rn'na
1156 813 1335 888 audacter
1342 825 1495 913 perver-

240 945 367 1012 terunt
380 973 395 1025 ,·
413 978 462 990 —
481 932 544 1030 qui
576 929 734 1027 publicae
752 955 794 1004 se
823 929 1008 1006 felicitatis
1039 951 1211 1006 auctores
1229 930 1385 1028 jactant,
1404 954 1496 1028 quo·

240 1077 399 1151 cumque
431 1069 557 1125 tamen
577 1047 819 1146 pervaserint.
845 1048 982 1122 ibidem
1016 1051 1233 1124 saevissimae
1260 1047 1375 1122 veluti
1404 1065 1497 1122 tem·

241 1188 407 1268 pestates
420 1169 600 1264 impressa
620 1164 832 1262 relinquunt
847 1164 981 1240 luroris
995 1167 1205 1264 excidiique
1225 1166 1394 1264 vestigia.

296 1298 313 1326 ‘⁸
335 1286 489 1361 Utinam
519 1283 719 1380 aliquando
738 1282 893 1356 redeant
912 1282 1131 1380 insipientes
1149 1285 1195 1357 ad
1215 1307 1301 1370 cor;
1325 1282 1496 1355 nimirum

243 1404 463 1503 intelligant,
487 1400 684 1498 Religione
702 1399 858 1486 sublata,
885 1401 1025 1475 nullum
1058 1401 1231 1478 humanae
1249 1404 1419 1480 societati
1438 1429 1498 1478 su·

243 1546 395 1621 peresse
425 1518 649 1617 praesidium,
663 1535 742 1591 tum
761 1518 808 1590 ad
827 1517 1078 1603 stabilitatem,
1101 1538 1179 1594 tum
1207 1522 1253 1595 ad
1269 1522 1445 1619 quietem.

296 1638 491 1713 “Utinam
510 1635 579 1709 sibi
593 1635 794 1733 aliquando
807 1637 1058 1733 persuadeant
1089 1662 1200 1711 unam
1229 1664 1314 1713 esse
1334 1636 1499 1712 Catholi-

243 1782 324 1833 cam
347 1754 593 1853 Religionem,
614 1753 743 1850 inqua
762 1752 954 1828 civitatum
974 1773 1012 1829 et
1032 1780 1230 1853 regnorum
1265 1755 1500 1830 incolumitas

244 1874 420 1970 salusque
439 1870 578 1944 nitatur
592 1866 635 1967 (¹)
658 1869 665 1942 l
676 1869 694 1893 '⁹

296 2035 346 2046 -
363 1999 384 2028 “
406 1987 586 2073 Ecclesia,
607 2005 647 2060 ut
665 1987 716 2060 ait
744 1987 823 2062 Leo
843 1987 960 2074 ΧΙΙΙ,
983 2014 1120 2088 magna
1139 1991 1176 2064 vi
1195 2017 1238 2066 ac
1264 1991 1403 2064 virtute
1427 2015 1500 2065 non

245 2126 420 2182 aeternae
438 2105 644 2179 animarum
673 2104 782 2178 saluti
814 2108 1085 2194 tantummodo,
1106 2134 1235 2184 verum
1254 2110 1368 2184 etiam
1388 2108 1502 2183 totius

246 2224 430 2300 humanae
452 2221 641 2297 societatis
660 2221 768 2297 saluti
788 2225 1053 2319 procurandae,
1075 2227 1220 2313 idonea,
1236 2225 1376 2301 affatim
1397 2252 1501 2325 prae·

245 2344 324 2419 dita
342 2359 409 2417 est

299 2473 320 2502 “
338 2461 389 2534 Et
407 2458 583 2558 quoniam
602 2457 806 2532 adversarii
826 2459 965 2532 iamdiu
992 2484 1142 2534 omnem
1164 2460 1198 2533 in
1214 2461 1324 2535 civile
1352 2485 1502 2537 consor·

247 2582 339 2656 tium
371 2579 630 2654 auctoritatem
652 2576 845 2651 Ecclesiae
874 2578 1024 2652 demere
1050 2597 1087 2653 et
1105 2579 1154 2652 ab
1173 2579 1254 2676 ipsa
1278 2581 1437 2678 populos
1465 2599 1504 2655 et

250 2698 477 2773 Dominatus
495 2712 666 2769 avertere
685 2695 927 2781 contendunt,
940 2719 1023 2769 eam
1038 2715 1251 2793 suspectam
1269 2699 1502 2796 invisamque

248 2816 404 2891 reddere
416 2831 529 2911 atque
547 2811 637 2908 ipsis
657 2811 842 2884 inimicam
862 2838 946 2886 esse
966 2814 1191 2910 persuadere
1209 2817 1333 2891 conati
1352 2835 1504 2904 sunt,-

251 2935 286 3008 N
292 2959 345 3019 os,
364 2947 504 3015 contra,
522 2928 647 3026 quoad
667 2929 864 3025 potuimus,
885 2949 1074 3029 tamquam
1100 2934 1311 3031 Principum
1331 2953 1369 3010 et
1388 2961 1503 3033 popu·

248 3052 366 3125 lorum
387 3047 549 3121 maxime
567 3046 733 3131 amicam,
756 3047 808 3119 uti
825 3072 863 3120 re
883 3047 963 3143 ipsa
981 3067 1048 3134 est,
1068 3069 1182 3147 atque
1210 3056 1377 3128 omnium
1409 3055 1504 3153 opti·

250 3195 349 3244 mam
377 3164 663 3241 benefactricem
683 3166 919 3239 continenter
933 3168 1189 3244 ostendimus:
1210 3173 1278 3247 hos
1296 3175 1455 3248 cumllla
1468 3176 1504 3248 in

250 3289 408 3388 gratiam
440 3302 478 3359 et
513 3285 749 3358 concordiam
782 3286 970 3372 reducere,
1007 3290 1146 3363 amicas
1179 3292 1378 3367 relationes
1411 3293 1507 3368 inter

252 3408 291 3482 S.
321 3405 461 3479 Sedem
494 3403 739 3501 nationesque
770 3404 893 3478 varias
929 3405 987 3479 vel
1026 3410 1252 3495 renovando,
1275 3411 1333 3484 vel
1370 3413 1507 3487 arctius

251 3523 531 3622 obstringend0,
553 3521 811 3620 firmandoque
838 3525 975 3622 ubique
1000 3526 1212 3625 religiosam
1233 3554 1375 3626 pacem,
1396 3531 1508 3604 enixe

251 3642 464 3719 studuimus
479 3639 533 3740 (²).
549 3641 568 3667 ”

302 3776 335 3838 9.
367 3761 418 3835 Et
437 3786 476 3833 re
503 3760 654 3856 quidem
681 3786 771 3835 vera
787 3788 793 3847 ;
812 3762 843 3834 si
871 3779 1014 3841 attente
1033 3763 1220 3838 intuemur
1252 3767 1422 3841 nationes
1441 3791 1508 3865 per

254 3882 397 3957 Orbem
418 3880 632 3952 universum
652 3878 849 3975 dispersas,
867 3880 897 3952 si
917 3880 1041 3954 tabula
1061 3882 1096 3954 in
1112 3874 1185 3979 q'ua
1198 3883 1312 3958 Orbis
1328 3903 1508 3958 terrarum

254 3999 476 4075 describitur
507 4021 584 4094 prae
615 3996 731 4070 oculis
763 3997 898 4083 habita,
920 3999 1198 4072 consideramus
1230 4001 1339 4074 istam
1360 4003 1507 4100 plagam

254 4137 450 4218 angustam
467 4116 575 4190 sitam
590 4116 684 4188 inter
702 4114 972 4211 Hyperboreos
988 4136 1144 4201 montes,
1163 4117 1357 4193 Oceanum
1378 4120 1509 4193 Atlan-

255 4239 368 4313 ticum
388 4254 425 4309 et
449 4235 555 4307 Mare
578 4232 907 4318 Mediterraneum,
929 4233 958 4306 si
978 4236 1231 4330 comparando
1259 4237 1329 4311 hoc
1348 4237 1509 4334 spatium

256 4357 433 4456 exiguum
452 4378 535 4427 cum
556 4371 611 4427 tot
631 4351 819 4447 tantisque
838 4352 1055 4450 regionibus
1072 4377 1158 4450 quae
1177 4355 1324 4452 populis
1344 4357 1511 4428 innume-

295 4623 316 4662 ι,
331 4607 420 4660 Alloc.
435 4618 467 4669 27
484 4605 553 4657 Dec.
572 4603 646 4658 1860.

292 4702 317 4742 2.
332 4686 423 4758 Epist.
436 4683 474 4738 ad
489 4682 570 4738 Card.
587 4682 746 4754 Rampolla.
765 4695 793 4750 15
807 4682 871 4751 Jun.
890 4682 963 4748 1887.
