3496 5482
691 565 815 617 cneus
842 564 1049 616 stanuum
1433 547 1501 634 167
1551 605 1553 608 ,

242 739 469 796 armatorum
499 721 659 796 millibus
689 718 860 821 (ooooo)
895 721 1088 794 obsessam
1120 719 1293 807 vidimus,
1331 721 1502 819 factaque

244 864 432 914 murorum
451 839 534 914 labe
553 857 590 914 et
616 864 855 914 excussorum
877 838 1070 913 missilium
1090 857 1232 914 terrore
1259 839 1356 914 intra
1383 839 1525 936 ipsam

243 955 353 1045 illato,
371 958 409 1032 vi
423 976 461 1031 et
476 959 588 1031 armis
602 975 855 1056 expugnatam
867 956 1062 1053 deplorare
1076 957 1274 1031 debuimus
1293 958 1375 1056 ejus
1381 983 1396 1055 J
1403 984 1500 1044 ussu,
1537 1048 1541 1055 1

243 1078 307 1173 qui
327 1077 437 1174 paulo
468 1096 555 1152 ante
580 1078 679 1164 filiali
705 1079 741 1151 in
770 1104 839 1152 nos
865 1078 1002 1152 affectu
1024 1096 1062 1153 et
1089 1077 1188 1151 fideli
1218 1078 1254 1151 in
1281 1077 1500 1177 religionem

243 1195 368 1268 animo
387 1222 480 1281 esse,
502 1215 576 1270 tam
597 1196 793 1296 insigniter
811 1196 1001 1293 professus
1019 1195 1147 1271 luerat.
1158 1195 1176 1222 ”

295 1324 315 1352 ‘⁴
331 1314 718 1411 Ecquid,lamentatur
732 1314 1045 1400 Pontifex‚Nobis
1064 1340 1107 1388 ac
1120 1313 1229 1388 bonis
1247 1314 1422 1389 omnibus
1443 1314 1504 1389 illo

245 1430 306 1505 die
324 1430 527 1506 luctuosius
546 1457 629 1506 esse
648 1433 769 1531 potuit
791 1432 806 1506 ?

297 1559 316 1587 ‘⁶
336 1549 480 1648 Magna
498 1549 734 1624 factiosorum
748 1549 953 1623 adventitia
967 1548 1203 1623 multitudine
1223 1550 1364 1648 repleta
1386 1551 1502 1639 Urbe,

244 1665 406 1740 vidimus
425 1668 551 1742 statim
567 1667 701 1764 publici
717 1667 858 1741 ordinis
871 1667 1052 1741 rationem
1068 1669 1322 1764 perturbatam
1342 1687 1380 1745 et
1398 1696 1504 1745 ever·

244 1808 322 1856 sam
339 1812 346 1869 ;
361 1785 523 1860 vidimus
538 1786 701 1883 supremi
718 1785 960 1859 pontificatus
973 1783 1195 1883 dignitatem
1211 1804 1249 1860 et
1267 1789 1505 1863 sanctitatem

243 1901 366 1999 impiis
386 1904 540 1978 vocibus
560 1903 792 2002 impetitam;
825 1903 986 1976 vidimus
1014 1901 1250 1977 fidelissimas
1276 1906 1504 1981 Nostrorum

245 2018 403 2094 militum
422 2019 595 2095 cohortes
613 2021 715 2095 omni
734 2020 1041 2095 contumeliarum
1072 2045 1211 2120 genere
1230 2022 1382 2097 affectas
1403 2021 1445 2122 (¹)
1461 2025 1467 2098 l
1488 2025 1506 2054 ”

297 2136 443 2215 Eadem
462 2139 523 2213 die
544 2139 732 2213 Sanctitas
752 2139 830 2212 Sua
858 2137 1025 2235 publicas
1052 2138 1197 2213 litteras
1226 2141 1507 2237 protestationis

246 2280 357 2330 causa
375 2256 479 2331 dedit
508 2258 556 2331 ad
587 2256 865 2354 diplomaticum
893 2256 1160 2356 guberniorum
1179 2275 1316 2331 coetum
1336 2259 1435 2355 apud
1464 2258 1503 2333 S.

247 2373 397 2461 Sedem,
418 2399 485 2471 per
503 2375 712 2448 ministrum
731 2401 849 2462 suum,
871 2373 1097 2449 cardinalem
1111 2375 1314 2450 Antonelli.
1342 2377 1385 2450 ln
1405 2376 1508 2450 hisce

245 2490 371 2591 legere
389 2511 446 2567 est
461 2494 557 2567 inter
570 2491 656 2566 alia:
678 2493 806 2568 “Cum
824 2494 949 2590 itaque
967 2492 1026 2567 hic
1043 2493 1225 2567 habeatur
1245 2493 1391 2581 sactum,
1407 2494 1507 2590 quod
1551 2580 1556 2591 .

246 2613 373 2686 omnia
389 2611 581 2686 conculcat
600 2614 778 2711 cujusque
792 2613 897 2711 juris,
918 2638 961 2686 ac
981 2613 1145 2688 maxime
1156 2613 1338 2712 gentium,
1355 2612 1508 2687 sanctis-

247 2731 341 2804 sima
360 2731 548 2828 principia,
570 2749 607 2805 et
625 2731 777 2829 quidem
798 2731 973 2804 universa
993 2748 1189 2827 spectante
1211 2731 1364 2829 Europa
1389 2749 1507 2828 patra·

248 2866 337 2935 tum,
358 2849 613 2923 sanctissimus
648 2849 759 2923 Pater
787 2848 964 2923 reclamat
994 2875 1036 2922 ac
1065 2866 1293 2946 protestatur
1327 2849 1509 2925 adversus

249 2969 440 3069 indignam
473 2986 510 3043 et
541 2968 759 3067 sacrilegam
792 2969 1071 3065 usurpationem
1097 2970 1359 3044 Dominiorum
1391 2969 1438 3043 ad
1467 2968 1506 3042 S.

248 3086 387 3161 Sedem
407 3087 665 3185 spectantium,
686 3088 867 3161 rationem
887 3086 1044 3184 exigens
1068 3113 1089 3160 a
1125 3090 1235 3187 Rege
1263 3088 1421 3186 ejusque
1445 3113 1512 3186 gu·

249 3205 389 3292 bernio,
408 3205 574 3279 omnium
593 3204 815 3279 damnorum
828 3231 875 3281 ex
896 3205 965 3278 hac
979 3205 1074 3279 adeo
1091 3203 1257 3280 violenta
1268 3232 1311 3279 ac
1331 3203 1511 3303 sacrilega

249 3322 459 3420 direptione
479 3322 517 3397 S.
540 3322 630 3397 Sedi
654 3323 877 3421 populisque
907 3321 1078 3397 Pontifici
1106 3323 1285 3422 subjectis
1307 3322 1512 3399 obvenien-

253 3441 356 3514 tium.

304 3568 323 3597 ‘⁶
342 3558 454 3656 Jubet
485 3575 667 3655 praeterea
699 3576 738 3632 ut
765 3558 974 3632 declaretur
1004 3559 1220 3656 hujusmodi
1258 3559 1514 3634 latrocinalem

252 3687 374 3750 actum
406 3677 552 3749 nullum
578 3702 657 3760 esse,
690 3677 857 3760 irritum,
890 3677 1102 3773 nulliusque
1130 3677 1278 3764 valoris,
1300 3677 1514 3774 nullumque

255 3794 391 3869 exinde
406 3795 669 3869 detrimentum
688 3821 822 3892 capere
840 3821 952 3892 posse
971 3795 1148 3894 legitima,
1169 3814 1350 3894 extraque
1364 3822 1513 3871 omnem

255 3913 547 3986 controversiam
567 3913 688 4009 posita
701 3914 787 4011 jura
805 3913 1071 3987 dominationis
1086 3940 1128 3988 ac
1154 3914 1413 4010 possessionis,
1435 3932 1514 3989 tum

256 4057 332 4117 sua,
353 4049 430 4105 tum
449 4031 561 4105 etiam
581 4057 732 4106 suorum
752 4059 1010 4107 successorum
1030 4035 1066 4107 in
1087 4053 1321 4130 perpetuum.
1342 4034 1359 4062 ''

307 4162 362 4222 21.
374 4151 551 4223 Insanum
567 4150 726 4224 furorem
741 4150 887 4225 intuens
900 4177 975 4248 quo
986 4152 1266 4226 Reformatores
1278 4150 1401 4225 saeculi
1419 4151 1513 4225 XVI

258 4296 381 4343 sacras
413 4269 592 4344 Ecclesiae
623 4272 805 4345 Romanae
834 4272 1086 4346 institutiones
1107 4273 1262 4346 insecuti
1282 4289 1379 4378 sunt,
1404 4273 1518 4346 Eras-

258 4417 339 4464 mus
353 4390 518 4486 scripsit:
535 4389 669 4464 Omnis
682 4391 865 4490 tragoedia
879 4392 956 4466 exit
972 4393 1007 4463 in
1023 4392 1299 4489 catastrophem
1311 4391 1515 4466 comicam..

263 4508 314 4582 Et
338 4507 390 4582 sic
409 4507 595 4605 appellare
622 4507 707 4582 licet
727 4509 893 4583 fraudem
912 4509 1010 4583 illam
1037 4510 1222 4607 insignem
1242 4535 1316 4606 qua
1334 4536 1441 4584 usum
1461 4527 1519 4584 est

302 4738 323 4776 1.
343 4715 482 4786 Encycl.1
500 4715 573 4770 Nov.
590 4715 664 4780 1870.
