3496 5482
648 599 770 651 cupos
797 599 1018 651 SECUNDUM.
1419 597 1466 670 37

208 709 335 717 —-

209 767 348 841 Nonne
370 745 559 840 fortunate
577 763 781 840 liberantur
798 790 820 837 a
837 762 953 839 stulto
980 764 1051 838 hoc
1070 764 1251 864 regimine
1269 788 1345 861 quo
1363 787 1465 860 saepe

205 885 341 982 saepius
366 908 439 958 una
463 909 538 958 vox
561 907 673 979 supra
698 882 892 956 dimidium
912 908 1107 957 numerum
1123 881 1325 958 electorum
1346 907 1463 978 capax

204 1004 253 1077 sit
266 1022 306 1077 ut
318 1001 441 1102 legem
454 1001 592 1076 condat
612 1002 711 1075 haud
730 1026 814 1075 raro
833 1001 1104 1098 iniquissimam
1121 1001 1135 1074 ?
1150 1002 1290 1074 Annon
1305 999 1463 1075 liberan-

206 1139 264 1196 tur
298 1121 346 1195 ab
379 1120 582 1195 innumeris
609 1120 867 1194 occasionibus
899 1118 1202 1216 corruptelarum,
1225 1113 1471 1218 flagitiorum,

205 1239 493 1324 mendaciorum,
529 1238 810 1324 detractionum,
843 1237 1083 1323 simultatum,
1105 1238 1337 1324 ebrietatum,
1370 1237 1464 1327 rixa-

206 1381 297 1445 rum,
335 1356 658 1454 blasphemiarum,
697 1355 955 1455 perjuriorum,
986 1375 1069 1442 etc,
1098 1356 1244 1452 quaein
1279 1355 1464 1456 gubernio

206 1475 497 1552 constitutionali
526 1473 728 1551 electiones
763 1474 959 1573 generales
990 1494 1065 1549 tam
1103 1475 1315 1574 frequenter
1350 1475 1461 1550 comi·

206 1597 361 1671 tantur?

255 1716 442 1815 Agedum,
452 1742 520 1790 nec
534 1717 667 1791 timeas
687 1715 765 1792 fore
780 1734 819 1791 ut
833 1715 1003 1790 absoluta
1021 1734 1188 1814 potestas
1205 1715 1350 1790 Summi
1366 1716 1461 1788 Pon·

204 1835 312 1910 tificis
328 1837 363 1909 in
384 1835 649 1933 temporalibus
668 1837 774 1926 brevi
792 1837 998 1937 degeneret
1017 1838 1053 1911 in
1073 1835 1318 1935 tyrannidem.
1339 1830 1462 1910 Adest

205 1956 436 2053 experientia
453 1957 584 2031 decem
604 1955 747 2030 saeculis
767 1958 988 2054 protractior
1000 1983 1085 2055 quae
1100 1957 1232 2053 probat
1246 1981 1358 2053 quarn
1375 1954 1461 2029 felix

205 2094 305 2151 esset
320 2076 429 2152 beate
443 2077 569 2151 vivere
581 2077 651 2150 sub
666 2076 1462 2176 paternoVicariiJtsuCHn1sr1regimine;

206 2220 291 2269 nam
319 2222 435 2272 suave
464 2221 613 2294 semper
641 2223 683 2271 ac
714 2197 798 2272 leve
825 2199 969 2272 exstitit
996 2198 1191 2296 imperium
1229 2209 1481 2270 summorum

207 2313 440 2388 Pontificum.
457 2314 511 2388 Hi
532 2325 553 2355 “
567 2315 623 2388 sui
638 2315 749 2389 officii
769 2341 853 2391 esse
872 2335 995 2412 partes
1008 2317 1189 2413 putabant
1205 2315 1306 2411 pacis
1319 2315 1461 2389 foedera

203 2431 358 2517 sancire,
407 2432 504 2508 bella
539 2452 719 2519 avertere,
758 2433 868 2508 urbes
902 2435 1005 2521 tueri,
1036 2425 1193 2509 amissas
1230 2458 1458 2529 recuperare,

205 2550 332 2627 hostes
351 2553 567 2651 propulsare
586 2551 641 2653 (¹),
663 2553 680 2579 ”
700 2572 812 2650 atque
832 2553 882 2626 ita
902 2554 1038 2627 nedum
1060 2553 1211 2626 nomine
1230 2551 1296 2627 sed
1316 2576 1356 2625 re
1380 2553 1460 2648 ipsa

204 2670 438 2745 adumbratio
456 2688 536 2746 erat
551 2691 716 2767 paternae
738 2672 989 2745 Providentiae
1012 2671 1084 2746 Dei
1112 2668 1164 2771 (²).
1356 2658 1359 2664 ’

243 2847 263 2886 ι.
279 2813 345 2886 ntus
358 2833 426 2900 vn,
440 2832 529 2887 tuoe
547 2847 574 2886 ιι
587 2832 641 2901 Jut.
658 2832 733 2887 1808.

239 2926 262 2964 2.
279 2911 400 2966 Paterna
407 2911 568 2966 sollicitudo
580 2913 775 2967 Romanorum
789 2912 967 2979 Pontificum,
976 2929 1062 2983 quam
1076 2928 1128 2967 ceu
1138 2912 1280 2983 principes
1289 2911 1460 2981 temporales

202 3007 270 3060 erga
294 2991 415 3060 plebem,
443 2992 600 3061 praesertim
624 3008 692 3046 vero
717 3008 785 3061 erga
806 3008 944 3061 pauperes
966 2992 1112 3061 gerebant,
1134 2992 1226 3047 elucet
1249 3008 1284 3046 ex
1306 2990 1461 3046 innumeris

202 3069 380 3125 documentis
394 3071 545 3126 historicis.
568 3071 694 3127 Sufficiat
707 3089 741 3126 ex
755 3070 879 3126 millibus
900 3072 1027 3141 seligere,
1041 3083 1126 3143 atque
1140 3072 1168 3125 in
1188 3070 1313 3126 medium
1327 3071 1460 3140 proferre,

201 3149 432 3204 constitutionem
453 3150 600 3206 Benedicti
614 3151 912 3220 X1V,Despicarum
930 3152 1086 3207 collectione
1100 3156 1168 3221 post
1178 3150 1335 3206 absolutam
1348 3166 1461 3204 messem

199 3229 374 3300 pauperibus
382 3231 581 3300 permittenda.

236 3311 253 3338 ‘⁶
271 3309 375 3366 Acerbi
389 3311 473 3380 plane
486 3310 592 3365 doloris
605 3320 807 3379 argumentum
821 3321 941 3380 paterno
954 3311 1032 3366 cordi
1052 3323 1150 3366 nostro
1163 3311 1343 3382 praebuerunt
1355 3310 1460 3365 clamo·

201 3407 246 3444 res
265 3407 429 3462 pauperum,
443 3407 514 3461 quos
531 3407 628 3444 mense
654 3389 738 3459 Junio
752 3389 905 3461 superioris
930 3392 996 3445 anni
1011 3392 1129 3446 moleste
1148 3389 1320 3462 accepimus,
1339 3390 1459 3444 eumad

199 3487 293 3525 arcem
304 3481 431 3525 nostram
444 3469 607 3538 Gandulphi
622 3471 797 3537 secedentes,
810 3470 848 3525 ad
856 3472 984 3540 proxima
996 3471 1089 3526 eidem
1100 3472 1157 3525 arci
1167 3471 1230 3525 loca
1246 3469 1459 3546 diverteremus.

201 3551 356 3606 Multorum
378 3549 519 3620 siquidem
544 3549 661 3604 vocibus
682 3565 716 3603 ac
735 3549 858 3604 lacrimis
881 3552 1027 3620 proposita
1048 3549 1141 3605 Nobis
1159 3560 1202 3604 est
1222 3548 1338 3620 querela
1361 3560 1460 3605 contra

199 3646 332 3700 agrorum
343 3629 482 3688 dominos.
496 3628 543 3700 qui
554 3629 652 3683 oculos
666 3646 733 3683 suos
747 3629 774 3683 in
789 3640 892 3683 terram
918 3630 1104 3699 declinantes,
1124 3631 1171 3701 pio
1191 3640 1219 3684 et
1232 3630 1350 3700 antiquo
1359 3629 1459 3684 immu-

200 3720 260 3765 tato
272 3727 351 3764 more
372 3725 519 3778 pauperes,
542 3725 636 3763 messe
654 3710 716 3779 jam
736 3709 876 3777 absoluta,
890 3710 984 3780 spicas
1006 3711 1139 3780 colligere
1161 3727 1219 3764 non
1233 3709 1378 3778 patiuntur
1392 3750 1458 3764 ......

203 3787 374 3857 Huiusmodi
383 3789 513 3859 querelas
521 3789 626 3843 nostris
637 3788 763 3860 quotidie
774 3790 972 3860 obstrepentes
982 3791 1096 3846 auribus
1106 3790 1308 3845 confirmarunt
1318 3788 1461 3860 supplices

200 3885 354 3939 egenorum
368 3867 463 3931 libelli,
477 3885 543 3922 eum
562 3869 589 3923 in
610 3868 696 3923 finem
711 3868 804 3923 Nobis
816 3870 943 3936 exhibiti,
957 3880 986 3924 ut
1004 3869 1120 3941 antiqua
1134 3868 1356 3939 colligendarum
1369 3870 1459 3938 spica-

201 3966 263 4004 rum
276 3949 402 4015 libertas,
424 3965 481 4002 non
495 3947 557 4002 sine
582 3946 692 4017 injuria,
706 3947 874 4003 auctoritate
896 3960 993 4005 nostra
1006 3950 1034 4005 in
1053 3966 1205 4005 commune
1230 3948 1360 4003 solatium
1380 3948 1459 4003 resti-

201 4039 334 4084 tueretur.
348 4029 361 4055 '³

238 4108 350 4163 Deinde
363 4108 437 4161 hanc
449 4106 611 4162 libertatem
624 4107 735 4163 erudite
743 4108 844 4178 probat
858 4108 958 4163 doctus
977 4109 1105 4163 Pontifex
1124 4109 1291 4164 auctoritate
1304 4107 1458 4178 Scripturae

201 4205 292 4243 sacrae
308 4195 336 4242 et
346 4188 619 4256 jurisconsultorum,
629 4199 657 4242 et
668 4187 783 4242 tandem
794 4188 833 4242 ita
846 4187 998 4255 concludit,
1013 4188 1250 4260 Archiepiscopos
1259 4199 1288 4244 et
1297 4188 1457 4259 Episcopos

201 4267 316 4322 ditionis
326 4265 527 4322 ecclesiasticae
537 4267 703 4338 alloquens:
718 4269 734 4295 ‘⁶
745 4268 874 4336 injuncto
883 4268 1040 4337 apostolico
1053 4269 1162 4323 muneri
1175 4268 1276 4323 deesse
1289 4269 1457 4336 videremur,

201 4347 255 4402 nisi
268 4356 366 4401 nostra
372 4346 459 4402 etiam
470 4346 563 4400 studia
577 4359 605 4402 et
617 4347 711 4402 officia
722 4348 759 4402 ad
773 4364 823 4401 vos
836 4359 1075 4417 converteremus,
1088 4348 1190 4418 quibus
1204 4349 1332 4403 solemne
1345 4364 1457 4417 semper

201 4427 260 4495 fuit,
285 4443 401 4482 causam
424 4443 588 4497 pauperum,
607 4444 672 4497 quae
685 4445 772 4482 causa
786 4428 840 4482 Dei
853 4438 906 4495 est,
919 4429 996 4482 omni
1010 4445 1064 4498 ope
1077 4440 1105 4483 et
1118 4438 1221 4482 conatu
1234 4427 1314 4482 tueri.
1331 4427 1458 4497 Ideoque

201 4506 301 4576 majori
322 4523 379 4576 quo
397 4522 547 4576 possumus
570 4519 695 4574 paternae
718 4506 864 4562 charitatis
886 4524 972 4563 sensu
991 4509 1136 4562 hortamur
1147 4517 1174 4562 et
1188 4506 1371 4573 obtestamur,
1386 4516 1414 4561 ut
1427 4505 1455 4561 in

202 4596 324 4640 vestram
346 4586 430 4641 veluti
450 4586 611 4641 clientelam
632 4587 820 4658 suscipientes
839 4603 986 4658 pauperes,
1006 4587 1124 4657 dignum
1144 4587 1248 4657 pietate
1260 4596 1354 4642 vestra
1366 4586 1456 4640 zelum

202 4663 367 4721 exhibeatis.

238 4745 254 4772 “
273 4743 383 4801 Vestris
395 4744 518 4816 primum
530 4745 648 4802 vocibus
660 4757 688 4804 et
713 4745 955 4803 exhortationibus
968 4763 1002 4802 ac
1020 4744 1172 4817 mandatis,
1184 4744 1271 4802 etiam
1290 4743 1318 4800 in
1338 4744 1455 4816 singulis
