3496 5482
1223 482 1610 489 —-—-.—-—--——.—-

355 536 423 606 128
760 552 853 601 aava
879 552 938 602 sm
966 550 1041 600 nux
1070 549 1196 600 noun.

352 723 373 751 ‘⁶
392 713 631 810 maximaque
649 711 855 786 acerbitate
887 710 1105 806 permixtos,
1127 734 1213 781 nam
1243 734 1290 781 ex
1323 709 1539 781 certissimis
1559 711 1610 782 in-

353 839 373 869 “
392 830 614 927 diciis‚quae
626 853 739 928 supra
757 826 1147 911 commemoravimus
1164 824 1325 921 erumpit
1338 823 1426 898 illud
1439 827 1539 922 quod
1553 848 1610 903 est

353 957 372 986 ‘¹
391 946 630 1021 consiliorum
650 972 802 1021 suorum
815 944 995 1030 ultimum,
1011 943 1152 1018 scilicet
1169 953 1329 1015 evertere
1333 942 1516 1038 funditus
1535 970 1612 1018 om-

353 1075 374 1105 “
395 1090 479 1139 nem
494 1090 588 1151 eam,
605 1089 718 1163 quam
734 1064 903 1138 instituta
921 1062 1122 1137 christiana
1141 1079 1366 1158 pepererunt
1378 1061 1612 1159 disciplinam
1700 1046 1705 1053 ’

351 1193 371 1221 “
389 1182 581 1279 relzgn'onzlc
598 1184 723 1280 reique
742 1181 923 1278 publicae,
955 1204 1167 1277 novamque
1199 1178 1247 1252 ad
1279 1179 1470 1276 ingenium
1504 1206 1611 1254 suurn

352 1310 372 1340 ‘¹
392 1318 595 1386 exstruere,
623 1299 744 1373 ductis
769 1324 791 1373 e
826 1297 951 1373 medio
987 1296 1257 1371 Naturalismo
1293 1296 1545 1371 fundamentis
1575 1315 1612 1370 et

351 1427 373 1456 ⁴‘
392 1417 548 1517 legibus.
570 1416 588 1444 ”

402 1557 455 1618 15.
480 1543 599 1617 Hisce
617 1543 819 1641 praemissis
850 1543 899 1617 de
932 1542 1149 1617 Massonica
1175 1560 1280 1616 secta
1309 1542 1345 1616 in
1364 1567 1514 1641 genere,
1544 1569 1612 1640 pro

351 1661 549 1760 prudentia
568 1680 605 1736 et
619 1662 765 1761 justitia
784 1680 822 1735 et
840 1661 999 1736 veritate
1017 1686 1093 1746 sua,
1111 1660 1238 1757 incipit
1261 1661 1392 1734 Pastor
1414 1686 1611 1757 supremus

350 1780 462 1854 etiam
481 1781 608 1854 ovium
639 1779 877 1876 perditarum,
900 1779 1141 1876 exceptiones
1163 1780 1349 1877 quasdam
1370 1805 1437 1877 pro
1456 1780 1611 1879 singulis

350 1899 561 1986 individuis,
595 1898 631 1972 in
661 1897 872 1996 particulari
891 1897 1059 1996 sumptis,
1081 1897 1254 1970 indicare.
1280 1895 1353 1996 1)“
1379 1898 1497 1983 Haec,
1514 1925 1611 1995 quae

354 2027 374 2056 ‘⁸
394 2016 568 2100 diximus,
589 2033 654 2089 aut
684 2015 816 2089 dicturi
846 2040 985 2099 sumus,
1006 2015 1053 2088 de
1084 2033 1187 2089 secta
1209 2015 1427 2088 Massonica
1455 2016 1610 2116 intelligi

356 2143 376 2173 “
395 2151 555 2231 oportet,
577 2148 745 2231 spectata
759 2133 797 2206 in
815 2156 955 2230 genere
973 2157 1052 2218 suo,
1073 2149 1110 2207 et
1137 2150 1321 2230 quatenus
1341 2132 1411 2206 sibi
1431 2152 1611 2231 cognatas

355 2265 375 2294 “
396 2254 683 2351 foederatasque
700 2252 959 2350 complectitur
977 2253 1176 2326 societates
1192 2281 1199 2339 ;
1220 2278 1294 2326 non
1313 2271 1439 2327 autem
1468 2254 1516 2327 de
1533 2279 1610 2328 sec·

354 2382 374 2410 “
395 2371 577 2446 tatoribus
596 2395 723 2445 eorum
755 2369 922 2468 singulis.
947 2371 991 2444 ln
1012 2395 1171 2468 quorum
1191 2395 1346 2444 numero
1374 2371 1501 2467 utique
1529 2397 1610 2468 pos·

356 2500 377 2529 ‘⁴
396 2509 484 2563 sunt
502 2515 596 2575 esse,
619 2514 687 2563 nec
705 2489 822 2585 pauci,
839 2489 903 2587 qui
922 2491 1094 2587 quamvis
1113 2489 1221 2587 culpa
1241 2514 1315 2563 non
1333 2508 1492 2576 careant,
1510 2491 1610 2586 quod

355 2619 374 2647 “
393 2633 477 2683 sese
496 2609 602 2682 istius
622 2609 722 2682 modi
748 2607 995 2705 implicuerint
1025 2609 1276 2697 societatibus,
1297 2627 1422 2684 tamen
1451 2636 1518 2685 nec
1537 2612 1611 2684 sint

356 2738 376 2768 ‘⁸
396 2728 579 2826 flagitiose
599 2727 778 2801 sactorum
798 2754 864 2826 per
882 2755 923 2802 se
942 2729 1010 2824 ipsi
1031 2731 1240 2827 participes
1271 2750 1308 2804 et
1332 2729 1421 2803 illud
1441 2731 1609 2804 ultimum

357 2855 377 2884 “
398 2847 581 2944 ignorent,
601 2847 702 2943 quod
715 2845 799 2920 illae
825 2847 992 2920 nituntur
1009 2847 1175 2944 adipisci.
1198 2845 1235 2946 2)
1266 2847 1445 2922 Similiter
1459 2875 1506 2922 ex
1525 2842 1611 2922 con-

355 2974 376 3002 “
395 2964 661 3038 sociationibus
687 2963 776 3061 ipsis
799 2962 1000 3038 nonnullae
1019 2964 1176 3039 fortasse
1196 2990 1433 3062 nequaquam
1451 2967 1611 3063 probant

358 3091 378 3122 ‘⁶
397 3080 655 3156 conclusiones
674 3083 865 3183 quasdam¹
884 3100 1081 3164 extremas,
1107 3108 1210 3180 quas,
1231 3110 1315 3156 cum
1348 3110 1395 3158 ex
1423 3085 1611 3181 principiis

357 3209 378 3239 ‘¹
398 3198 656 3272 communibus
676 3200 886 3273 necessario
901 3220 1186 3297 consequantur,
1204 3221 1495 3276 consentaneum
1511 3221 1611 3277 esset

358 3328 379 3358 “
399 3318 612 3415 amplexari,
633 3318 703 3392 nisi
723 3344 789 3416 per
817 3344 858 3391 se
877 3319 1056 3393 foeditate
1075 3346 1142 3394 sua
1171 3322 1361 3419 turpitudo
1391 3323 1470 3418 ipsa
1489 3322 1611 3396 deter-

358 3447 378 3475 “
400 3452 507 3511 reret.
530 3435 567 3537 3)
592 3436 687 3510 Item
708 3436 903 3510 nonnullas
935 3436 1100 3511 locorum
1120 3458 1380 3537 temporumve
1409 3441 1502 3513 ratio
1529 3466 1611 3513 sua·

360 3565 381 3594 “
400 3555 465 3629 det
476 3553 620 3627 minora
632 3555 883 3652 conari,quam
896 3572 960 3629 aut
975 3556 1079 3652 ipsae
1094 3555 1232 3630 vellent
1244 3576 1308 3631 aut
1322 3576 1469 3632 ceterae
1478 3558 1610 3631 solent:

359 3686 380 3714 ‘⁸
400 3700 475 3749 non
494 3675 630 3749 idcirco
650 3692 775 3750 tamen
794 3675 939 3751 alienae
957 3703 979 3750 a
1001 3678 1219 3751 Massonico
1239 3677 1390 3751 foedere
1410 3677 1609 3774 putandae,

359 3807 380 3838 ·‘
399 3797 486 3894 quia
508 3796 764 3872 Massonicum
777 3797 909 3872 soedus
923 3823 997 3871 non
1016 3816 1092 3872 tam
1108 3815 1165 3871 est
1184 3798 1231 3871 ab
1250 3799 1342 3871 actis
1360 3797 1612 3894 perlectisque

359 3927 380 3955 ‘⁶
400 3916 522 4003 rebus,
543 3941 655 4015 quam
675 3943 697 3990 a
716 3918 986 3993 sententiarum
1004 3942 1151 3992 summa
1171 3917 1420 3992 iudicandum.
1441 3917 1458 3944 '’

412 4054 464 4116 16.
479 4041 562 4139 Jam
583 4061 804 4139 perventum
838 4061 895 4117 est
915 4043 962 4116 ad
994 4042 1093 4116 illam
1115 4041 1328 4140 Encyclicae
1352 4061 1508 4139 partem,
1529 4067 1614 4139 quae

357 4176 416 4234 est
429 4159 598 4257 ejusdem
613 4158 729 4234 veluti
744 4160 889 4248 climax,
906 4160 995 4235 etin
1013 4186 1088 4258 qua
1105 4161 1249 4234 Doctor
1267 4160 1467 4234 infallibilis
1486 4161 1614 4257 incipit

358 4277 550 4352 confutare
580 4277 901 4365 Naturalismum,
923 4303 989 4352 seu
1027 4278 1058 4351 F
1063 4296 1419 4352 tanco-mutatorum
1445 4299 1613 4375 systema

358 4393 573 4494 genuinum.

409 4530 456 4603 A.
479 4529 621 4624 Quoto
643 4531 906 4605 Rauclouuu.
921 4530 1099 4606 Ostendit
1117 4532 1219 4628 quod
1237 4531 1332 4605 sicut
1352 4531 1614 4606 naturalismus

358 4673 512 4722 omnem
530 4648 650 4748 rejicit
667 4651 936 4727 revelationem
959 4669 998 4726 et
1027 4671 1301 4750 consequenter
1319 4678 1470 4726 omnem
1489 4671 1616 4725 aucto·
