3496 5482
658 541 781 592 CAPUT
807 539 1080 591 DUODECIMUM.
1428 536 1500 610 279

246 701 416 776 Pontifici
448 700 563 798 partis
592 696 746 796 alicujus
774 697 1054 795 possessionum
1086 697 1321 793 antiquarum
1359 697 1401 771 S.
1433 697 1500 772 Se·

243 820 300 895 dis
320 818 375 921 (¹).
398 819 414 848 ”

296 938 454 1035 insuper
490 936 696 1034 ipsissimus
731 933 923 1007 Bismarck
957 933 993 1007 in
1023 951 1120 1008 coetu
1157 933 1306 1031 publico
1342 932 1499 1033 legifero

246 1056 396 1153 lmperii
413 1053 626 1130 Germanici
641 1071 770 1150 aperte
788 1053 943 1150 agnovit
962 1051 1213 1127 characterem
1235 1052 1500 1126 internationa·

241 1172 354 1250 litatis
389 1173 550 1248 Romani
585 1171 839 1257 Pontificatus‚
866 1170 954 1244 dum
982 1171 1098 1246 dixit:
1121 1181 1141 1210 ‘⁶
1164 1173 1266 1269 Papa
1286 1169 1413 1244 nullibi
1443 1188 1501 1246 est

240 1310 458 1378 extraneus;
476 1291 524 1366 de
543 1290 640 1365 lacto
655 1289 735 1386 ipse
749 1288 851 1362 cives
865 1307 922 1362 est
938 1289 1130 1363 nationum
1150 1290 1334 1378 omnium;
1352 1314 1500 1364 omnes·

241 1435 314 1508 que
331 1426 466 1509 gentes
485 1433 568 1483 cum
587 1433 634 1482 eo
652 1421 925 1480 connectuntur
943 1404 997 1506 (²)
1028 1406 1035 1433 ’

299 1528 379 1601 lmo
391 1544 428 1600 et
440 1527 509 1623 ipsi
525 1536 544 1565 ‘⁴
561 1523 836 1600 ltalianissimi'’
849 1524 1039 1618 evidentia
1051 1543 1237 1623 coguntur
1248 1526 1500 1601 characterem

244 1642 565 1719 internationalem
585 1641 782 1740 potestatis
801 1640 920 1715 civilis
941 1642 1052 1738 Papae
1071 1668 1285 1741 agnoscere.
1316 1646 1383 1731 lta,
1406 1643 1501 1719 inter

242 1764 334 1838 alios
353 1763 718 1848 Visconti-Venosta‚
752 1761 927 1834 Minister
946 1788 1066 1836 rerum
1095 1782 1343 1851 externarum,
1372 1783 1501 1862 aperte

243 1881 279 1955 in
311 1881 470 1955 comitiis
502 1879 658 1978 publicis
685 1877 888 1953 declaravit
910 1904 950 1953 21
974 1879 1115 1977 Aprilis
1140 1885 1228 1973 1871
1256 1883 1395 1981 Papam
1423 1909 1500 1956 om·

243 1999 352 2073 nibus
370 1998 533 2096 gaudere
547 1997 694 2096 juribus
716 1995 935 2070 Monarchae
968 1998 1265 2094 independentis,
1286 2018 1324 2074 et
1348 1999 1499 2098 quidem

244 2141 478 2215 nequaquam
511 2141 558 2189 ex
583 2113 702 2213 gratia
722 2113 781 2187 vel
813 2115 1056 2188 concessione
1086 2116 1208 2213 Regni
1233 2116 1359 2202 ltaliae,
1379 2115 1446 2190 sed
1479 2142 1500 2191 e

245 2252 376 2309 natura
394 2259 528 2308 rerum.
550 2233 748 2331 Signatum
767 2250 923 2329 apparet
940 2258 1156 2330 supremum
1176 2236 1256 2332 ejus
1278 2235 1497 2311 Dominium

243 2350 434 2452 signaculo
470 2350 673 2426 venerabili
715 2348 962 2438 saeculorum;
997 2354 1213 2451 agnoscitur
1242 2353 1290 2427 ab
1326 2354 1499 2429 omnibus

241 2471 433 2569 guberniis
452 2469 511 2544 vel
547 2494 614 2566 per
632 2487 740 2566 pacta
759 2467 940 2542 solemnia
962 2469 1020 2544 vel
1044 2496 1111 2567 per
1128 2470 1387 2568 diplomaticas
1408 2471 1498 2546 rela-

242 2589 373 2671 tiones,
396 2613 480 2684 quae
498 2586 619 2660 adhuc
641 2585 843 2683 perdurant
863 2583 877 2685 (
894 2585 917 2686 ).

295 2721 330 2782 8.
351 2707 487 2802 Quoad
506 2705 596 2779 alias
623 2704 855 2801 objectiones
878 2731 1081 2803 earumque
1098 2707 1373 2783 confutationes
1393 2706 1499 2803 ipsis·

243 2827 377 2901 simum
398 2826 596 2900 audiamus
617 2824 756 2899 Christi
776 2824 989 2898 Vicarium:

294 2953 316 2984 ⁴⁶
329 2944 474 3043 Oggeri
493 2942 588 3017 solet
607 2943 679 3017 :ad
698 2941 845 3016 civilem
868 2942 1059 3017 Pontificis
1081 2943 1332 3041 Principatum
1353 2944 1497 3020 restitu-

241 3062 378 3136 endum
412 3061 558 3160 magnis
587 3059 794 3135 commodis
826 3077 939 3156 atque
975 3060 1194 3135 utilitatibus
1225 3062 1295 3134 iam
1333 3062 1498 3138 obtentis

241 3205 335 3277 opus
353 3205 437 3253 esse
450 3179 623 3253 abdicare
637 3207 644 3266 ;
660 3222 711 3233 -
724 3202 945 3277 progressus
961 3179 1159 3253 modernos
1175 3178 1276 3253 nihili
1290 3179 1411 3255 lacere
1427 3209 1499 3268 3—

242 3298 342 3372 etad
361 3297 523 3371 medium
543 3321 678 3371 aevum
698 3320 816 3393 usque
837 3296 992 3394 regredi.

297 3415 419 3489 “Sed
456 3414 549 3488 istae
585 3413 746 3487 rationes
776 3412 959 3486 eiusmodi
991 3437 1065 3486 non
1094 3430 1191 3499 sunt,
1225 3432 1265 3487 ut
1296 3413 1501 3512 quidquam

245 3531 405 3606 valeant.

298 3661 318 3689 “
339 3651 407 3724 Cui
427 3650 525 3724 enim
546 3650 655 3736 bono,
683 3649 784 3747 quod
804 3673 933 3723 verum
962 3648 1010 3722 sit
1033 3668 1147 3745 atque
1174 3646 1395 3747 legitimum,
1417 3674 1501 3726 sese

248 3768 437 3842 Pontificis
456 3769 580 3867 regius
603 3767 835 3864 Principatus
854 3766 1092 3863 opponeret?

298 3887 486 3962 “Certum
507 3907 564 3961 est
591 3887 761 3960 civitates
782 3884 1014 3984 regionesve,
1036 3883 1135 3957 civili
1158 3883 1380 3959 Pontificum
1399 3885 1502 3959 Prin·

246 4006 383 4101 cipatui
402 4004 489 4079 olim
508 4004 676 4079 subditas
688 4002 736 4076 ab
749 4021 961 4078 exterarum
975 4002 1144 4100 gentium
1157 4001 1324 4076 dominio
1342 4001 1502 4076 subeun-

247 4122 296 4195 do
315 4123 462 4218 saepius
482 4122 618 4196 idcirco
636 4137 803 4194 servatas
824 4119 951 4205 luisse,
971 4138 1084 4217 atque
1116 4117 1279 4194 indolem
1306 4144 1505 4217 moresque
1551 4174 1553 4179 ι

249 4267 339 4338 pure
362 4240 511 4315 Italicos
530 4266 679 4339 semper
696 4239 937 4314 continuisse.

303 4373 322 4400 ‘⁴
345 4362 428 4435 Nec
447 4387 537 4435 vero
564 4361 677 4435 hodie
703 4359 810 4434 aliter
835 4358 1054 4457 contingere
1080 4377 1231 4457 posset;
1264 4383 1349 4433 nam
1380 4358 1505 4434 Ponti·

258 4490 436 4594 —nP're'lot
449 4527 467 4580 l.
481 4544 511 4595 c.,
524 4541 584 4594 440.

288 4620 312 4658 2.
333 4605 447 4661 Cardin.
461 4606 611 4676 Vaughan,
624 4606 643 4661 l.
656 4622 688 4675 c.,
701 4622 763 4678 cap.
780 4620 802 4661 r.

289 4698 313 4753 3.
334 4685 449 4741 Cardin.
462 4686 612 4756 Vaughan,
625 4685 643 4741 l.
656 4701 680 4741 c.
