3496 5482
621 528 743 579 CAPUT
770 529 992 580 SECUNDUM.
1388 536 1431 607 31

737 632 880 639 —--———.—

177 694 252 768 cari
270 712 396 791 potest
418 693 601 790 :proinde
620 690 682 765 ubi
704 689 789 763 Rex
810 690 943 764 Romae
967 692 1047 779 erit,
1072 718 1201 793 regem
1225 720 1310 770 esse
1333 713 1437 770 auto·

176 832 316 888 oratam
336 813 455 889 decet.

225 932 368 1007 Verum
404 957 451 1006 ne
485 930 682 1004 timeamus
713 953 899 1025 supremae
924 928 1035 1027 hujus
1061 932 1259 1028 potestatis
1286 934 1436 1012 abusus,

179 1050 235 1124 Ut
254 1050 334 1147 ipse
352 1049 403 1124 ait
425 1050 511 1122 Pius
528 1047 587 1122 lX
610 1046 736 1121 statim
757 1065 842 1142 post
861 1046 1129 1143 proclamatum
1149 1050 1289 1148 dogma
1309 1051 1438 1127 insalli·

176 1167 328 1242 bilitatis
343 1166 543 1264 pontificiae
556 1165 593 1238 in
618 1163 776 1238 concilio
789 1166 1033 1264 oecumenico
1052 1167 1258 1243 Vaticano:

245 1284 425 1380 ‘fSumma
444 1284 515 1358 ista
535 1282 698 1357 Romani
720 1280 912 1355 Pontificis
931 1284 1131 1358 auctoritas
1159 1310 1233 1359 non
1261 1288 1440 1384 opprimit

177 1402 244 1478 sed
257 1403 433 1501 adjuvat;
450 1426 523 1505 non
543 1399 702 1475 destruit
731 1398 799 1473 sed
828 1399 988 1474 aedificat
1002 1428 1010 1487 ;
1026 1421 1064 1476 et
1082 1403 1289 1499 saepissime
1307 1406 1440 1481 confir·

180 1543 257 1600 mat
277 1526 313 1600 in
336 1525 531 1625 dignitate,
547 1523 628 1597 unit
655 1521 694 1595 in
716 1521 909 1608 charitate,
926 1541 963 1598 et
986 1523 1261 1621 Episcoporum
1276 1527 1363 1625 jura
1381 1527 1440 1602 fir·

180 1661 258 1718 mat
275 1661 389 1743 atque
407 1659 532 1718 tuetur
546 1638 592 1741 (¹)
608 1638 636 1714 ''.
661 1640 714 1714 Et
733 1640 832 1714 idem
851 1640 899 1715 de
915 1640 1226 1743 Pontifiee-Rege
1239 1644 1440 1721 dicendum

182 1760 288 1836 loret.

231 1899 264 1961 6.
289 1879 431 1976 Itaque,
452 1877 547 1951 sicut
575 1876 763 1950 inordine
800 1875 981 1972 spirituali
1013 1877 1143 1973 unicus
1170 1897 1208 1954 et
1243 1881 1441 1980 singularis

182 2022 332 2095 prorsus
351 2012 409 2070 est
430 1992 831 2078 PrimasEcclesiae,ita
850 2013 887 2068 et
907 1995 943 2067 in
964 2020 1081 2094 regno
1101 1997 1296 2092 temporali
1311 2000 1440 2073 unicus

181 2142 224 2190 ac
242 2114 440 2214 singularis
458 2110 534 2190 erit'
550 2113 739 2210 Princeps,
762 2112 1079 2210 quemadmodum
1105 2115 1198 2190 scite
1230 2115 1324 2190 dixit
1351 2117 1440 2192 olim

185 2232 381 2307 PiusVll.

235 2353 423 2427 “Summi
450 2351 652 2437 Pontificis,
674 2350 894 2426 universalis
923 2351 1097 2437 Pastoris,
1124 2352 1333 2427 communis
1363 2379 1441 2427 om·

185 2476 286 2549 nium
296 2474 599 2559 Patris,Ministri
613 2472 922 2570 paciscatholicae
937 2472 1127 2571 religionis
1139 2474 1270 2570 capitis
1283 2475 1443 2564 tituli,-

184 2619 250 2667 seu
264 2593 389 2690 potius
406 2591 628 2690 gravissima
643 2609 680 2665 et
694 2590 859 2664 omnium
880 2589 1042 2664 maxime
1061 2589 1297 2664 formidanda
1315 2616 1440 2678 onera,

184 2734 269 2805 quae
286 2708 752 2807 Nostritantumproprziz
769 2717 866 2792 sunt,
884 2733 997 2804 neque
1010 2708 1051 2780 in
1074 2707 1193 2782 alium
1218 2709 1338 2783 ullum
1364 2735 1443 2784 con·

190 2824 312 2898 fluunt
334 2826 562 2923 Pm'nczpem,
585 2850 744 2923 quorum
771 2850 874 2898 nemo
892 2824 1037 2922 duplici
1059 2835 1119 2910 est,
1140 2844 1180 2899 ut
1212 2825 1289 2923 Ipsi
1316 2853 1444 2901 sumus

185 2942 328 3016 onerati
348 2944 513 3040 pondere
532 2941 767 3027 divinitus,N
773 2968 816 3016 os
836 2960 968 3016 vetant
988 2943 1142 3016 omnino
1157 2969 1201 3017 ea
1220 2942 1445 3043 lacere,quae

185 3059 267 3133 aliis
278 3060 464 3134 interdum
487 3059 720 3157 Principibus
739 3078 884 3133 tantum
898 3059 1165 3156 temporalibus
1185 3059 1308 3136 lacere
1322 3060 1418 3138 licet.

239 3177 371 3252 “Hoc
403 3196 541 3265 nostro,
575 3177 743 3252 Nobisa
775 3177 861 3251 Deo
888 3178 986 3263 datu,
1014 3178 1229 3275 temporalis
1264 3179 1447 3277 Principis

187 3320 351 3380 munere,
380 3294 469 3369 nihil
510 3295 666 3394 aggredi
703 3320 912 3392 possumus,
942 3296 1044 3392 quod
1076 3296 1207 3370 officiis
1253 3297 1447 3393 apostolici

187 3415 394 3501 ministerii,
419 3415 544 3489 Nobis
572 3416 661 3490 item
680 3442 701 3488 a
723 3417 809 3491 Deo
828 3417 1090 3514 praecipueque
1109 3417 1298 3491 commissi
1316 3418 1448 3492 adver·

187 3552 301 3609 satur.

242 3666 263 3693 “
287 3655 420 3753 Itaque
438 3681 507 3752 pro
525 3655 749 3741 discrimine,
767 3656 868 3752 quod
890 3655 986 3729 inter
1004 3655 1087 3729 Nos
1106 3655 1275 3756 aliosque
1294 3657 1450 3732 interest

192 3774 393 3870 Principes,
415 3775 478 3870 qui
508 3800 581 3849 non
619 3774 750 3848 iisdem
780 3774 994 3872 obligantur
1017 3774 1176 3848 vinculis
1207 3775 1344 3872 quibus
1372 3776 1450 3874 Ipsi

190 3891 343 3990 obligati
359 3917 497 3979 sumus,
514 3892 549 3966 N
556 3892 638 3966 obis
655 3918 729 3965 non
745 3917 894 3989 semper
908 3891 995 3966 licet
1008 3892 1044 3965 in
1060 3892 1203 3966 ratione
1218 3893 1449 3991 politicarum

190 4034 311 4084 rerum
328 4010 459 4085 iisdem
478 4030 592 4107 atque
618 4010 667 4083 illi
687 4010 879 4107 principiis
897 4012 951 4084 uti
967 4011 1012 4109 (²)
1030 4009 1058 4084 ’'.

240 4141 273 4201 7.
289 4127 333 4201 In
350 4153 389 4202 re
405 4153 506 4202 mere
525 4127 675 4224 politica
688 4127 968 4202 internationali
984 4129 1212 4225 Supremum
1228 4128 1451 4204 Pontificem

192 4271 260 4321 ceu
278 4246 444 4320 omnium
467 4246 627 4331 Patrem,
658 4270 809 4343 semper
827 4247 939 4320 decet
960 4247 1127 4320 neutrius
1150 4245 1276 4321 lavere
1297 4246 1357 4321 vel
1376 4265 1451 4321 stu·

192 4364 281 4440 dere
299 4364 558 4439 dominationi.
587 4365 674 4439 Hoc
693 4365 916 4464 principium
936 4365 1043 4441 sactis
1073 4383 1112 4440 et
1133 4367 1257 4440 verbis
1275 4365 1452 4464 praeclare

231 4616 252 4657 1.
268 4601 334 4656 Pius
351 4603 501 4671 1X,A110c,
516 4614 581 4674 post
595 4605 731 4674 proclam.
746 4604 842 4674 dogm.
856 4602 978 4659 lnlallib.

230 4697 255 4737 2.
268 4683 356 4738 Alloc
374 4683 405 4737 16
421 4685 504 4739 Mart.
519 4685 594 4738 1808.
