3496 5482
588 436 672 443 -..—
695 430 880 440 .--.—..-..—-
905 429 945 435 -—-
1008 428 1387 437 --——--————
1399 432 1578 441 -—-..-...

728 495 819 545 PAPA
849 492 908 542 SIT
936 490 1009 539 Rex
1040 490 1164 543 ROMAE.

316 476 386 567 382

369 660 493 735 'l'anta
511 678 597 735 sunt
617 659 714 734 mala
731 659 882 732 socialia
900 682 985 754 quae
1012 658 1048 730 in
1075 655 1299 753 spoliatione
1325 657 1365 732 S.
1387 656 1500 732 Sedis
1528 656 1581 731 in·

316 777 418 853 clusa
436 802 520 853 esse
538 778 628 853 satis
646 801 833 874 superque
851 774 1092 873 probavimus
1105 775 1317 873 exindeque
1337 792 1515 874 tanquam
1531 804 1579 852 ex

316 895 460 971 semine
479 896 599 996 magis'
618 894 812 994 magisque
827 891 1060 991 pullulabunt
1079 891 1148 966 nisi
1164 918 1229 990 per
1250 892 1580 992 reintegrationem

319 1012 463 1109 pristini
473 1013 568 1111 juris
580 1011 725 1087 socialis
736 1030 851 1108 atque
863 1008 1168 1094 internationalis‚
1182 1009 1218 1082 in
1234 1010 1468 1084 restitutione
1479 1011 1581 1084 Prin·

319 1129 464 1229 cipatus
494 1130 613 1206 civilis
648 1132 768 1226 Papae,
790 1130 838 1203 de
868 1127 965 1202 iacto
999 1128 1307 1225 inaugurandam,
1327 1145 1581 1225 opportunum

319 1247 525 1323 remedium
545 1267 762 1347 apponatur.
788 1247 917 1346 lgitur,

738 1440 840 1513 Prien
859 1463 919 1514 sm
939 1462 1013 1511 nex
1036 1440 1162 1512 Roma

318 1582 404 1634 nnc
432 1582 500 1633 est
532 1581 668 1634 suarim
698 1580 861 1633 socumo
888 1579 1127 1644 Qumsrrours
1153 1579 1320 1632 socranrs
1350 1580 1580 1636 reinsertus.

372 1748 404 1810 3.
426 1735 553 1832 Quare
582 1754 707 1810 tamen
736 1735 843 1810 Deus
874 1733 970 1808 hanc
999 1732 1293 1808 dominationem
1322 1734 1445 1832 impiae
1467 1754 1580 1810 sectae

322 1856 542 1930 Massonum
562 1853 857 1953 sacrilegamque
875 1855 1159 1950 occupationem
1184 1853 1299 1928 Urbis
1312 1854 1512 1950 permisit?

370 1972 621 2058 Verumenim‚
643 1971 733 2068 quid
753 1989 810 2045 est
829 1996 893 2044 cur
911 1970 999 2044 olim
1011 1971 1150 2069 pariter
1169 1971 1267 2046 idem
1291 1971 1478 2046 Dominus
1497 1996 1579 2069 per·

320 2089 459 2165 miserit
483 2090 669 2164 ·Arianam
699 2108 839 2164 sectam
869 2089 964 2163 adeo
995 2088 1178 2162 dominari
1210 2107 1324 2187 atque
1354 2108 1580 2186 apparenter

321 2209 549 2308 triumphare
568 2210 605 2285 in
624 2208 854 2284 Ariminensi
873 2225 1070 2294 conventu,
1090 2227 1129 2282 ut
1142 2209 1251 2307 juxta
1270 2209 1369 2284 dicta
1391 2209 1579 2306 Hierony·

322 2329 382 2414 mi,
406 2327 610 2403 “Valentis
638 2327 872 2423 potissimum
892 2344 929 2400 et
951 2326 1098 2401 Ursacii
1118 2326 1317 2412 fraudibus,
1338 2326 1579 2402 damnatione

326 2447 497 2522 Nicoenae
529 2445 614 2520 fidei
643 2445 883 2531 conclamata,
909 2444 1158 2543 ingemiscens
1191 2444 1306 2519 Orbis
1338 2463 1518 2519 terrarum
1536 2469 1579 2519 se

323 2565 503 2640 Arianum
526 2590 609 2639 esse
629 2564 782 2637 miratus
801 2562 849 2637 sit
868 2560 912 2662 (¹)
928 2561 943 2636 ?
957 2562 973 2588 ''

376 2687 483 2760 Patet
515 2683 608 2759 ratio
640 2683 843 2781 Sapientiae
877 2682 1037 2769 Divinae,
1058 2707 1155 2779 quae
1184 2692 1341 2756 “rerum
1368 2681 1577 2757 mortalium

323 2803 446 2879 varios
465 2822 740 2900 perpetuosque
759 2820 882 2875 motus
900 2799 1227 2897 providentissime
1247 2801 1343 2898 regit
1361 2826 1502 2899 eosque
1519 2800 1578 2876 vel

322 2922 447 2997 invitis
462 2920 675 2994 hominibus
686 2919 733 2992 ad
749 2917 941 2992 Ecclesiae
956 2943 1046 2991 suae
1059 2918 1287 2993 incrementa
1303 2918 1476 2994 transfert
1490 2917 1546 3019 (²).
1562 2921 1578 2947 ''

377 3039 478 3126 ldeo,
498 3038 593 3113 sicut
610 3036 698 3112 olim
718 3037 885 3133 dispersa
900 3036 1125 3109 Arianorum
1145 3034 1305 3133 procella
1319 3062 1367 3111 ex
1386 3035 1578 3112 haeretico·

324 3185 415 3243 rum,
447 3182 676 3257 paganorum
709 3181 853 3231 necnon
890 3157 1156 3252 imperatorum
1192 3156 1400 3254 conjunctis
1436 3157 1579 3231 viribus

324 3278 492 3365 conflata,
514 3303 614 3352 novo
633 3277 836 3374 divinoque
854 3274 1053 3372 splendore
1070 3273 1211 3372 fulgere
1230 3273 1346 3349 voluit
1369 3275 1577 3351 Ecclesiam

323 3421 438 3479 suam,
461 3396 511 3468 ita
530 3419 627 3468 nunc
646 3394 752 3467 Deus
770 3412 807 3467 et
828 3418 947 3466 novos
967 3417 1096 3488 parare
1116 3390 1275 3465 intendit
1302 3391 1481 3467 Ecclesiae
1499 3421 1578 3470 suae

324 3510 541 3609 triumphos,
556 3531 593 3586 et
621 3537 717 3584 nova
737 3511 895 3606 prodere
915 3511 952 3583 in
971 3535 1016 3583 ea
1035 3509 1247 3582 testimonia
1265 3509 1472 3584 divinitatis
1499 3512 1581 3611 ejus

324 3654 448 3705 coram
469 3627 641 3703 fidelibus
672 3655 715 3702 ac
747 3627 892 3725 populis
925 3627 1116 3701 universis.
1150 3627 1343 3714 Praeterea,
1364 3646 1457 3724 quot
1482 3630 1582 3704 bona

323 3747 501 3822 virtutum
521 3765 558 3820 ct
577 3746 716 3821 sructus
740 3746 929 3843 patientiae
955 3768 1029 3817 non
1061 3743 1295 3817 obvenerunt
1328 3746 1437 3819 nobis
1468 3747 1580 3820 rebus

322 3891 370 3940 ex
388 3864 556 3939 adversis
571 3889 665 3961 quas
681 3864 782 3938 hisce
803 3864 938 3937 nostris
952 3860 1184 3957 temporibus
1203 3887 1313 3958 passa
1330 3881 1388 3936 est
1410 3863 1580 3939 Ecclesia

325 4007 413 4057 vera
428 3981 566 4057 Christi
583 3983 590 4055 l
610 3981 748 4056 Verbis
771 3980 961 4055 Pontificis
980 3979 1227 4053 attendamus.
1240 3990 1259 4018 ‘¹
1275 3979 1457 4056 Videmus
1471 3984 1581 4071 enim,

322 4100 373 4173 ait
380 4100 459 4197 jam
478 4101 564 4173 Pius
583 4096 1157 4198 lXfirmilalemfidei‚ord0rem
1171 4097 1341 4170 carriotis
1354 4124 1438 4172 sese
1453 4099 1582 4174 indies

322 4217 431 4291 latius
450 4217 700 4313 explicantem
719 4245 725 4303 ;
744 4218 929 4291 cernimus
948 4239 1031 4288 eam
1049 4215 1334 4288 sollicitudinem
1353 4217 1393 4288 in
1401 4215 1578 4314 fidolium

323 4337 462 4410 animis
470 4347 545 4434 pro
563 4337 677 4433 hujus
713 4337 819 4410 Sedis
836 4354 873 4409 et
901 4335 1064 4432 supremi
1086 4334 1249 4407 Pastoris
1277 4333 1465 4408 laboribus
1484 4338 1581 4411 exci-

334 4498 517 4505 -----.-—-—
538 4501 562 4505 .,.
577 4501 595 4505 -.
608 4501 739 4508 ....——--
751 4501 804 4507 -.
826 4502 847 4506 --
862 4497 1034 4505 ——---.—-
1050 4496 1186 4503 --——-——
1400 4498 1580 4507 ψ.-

364 4579 385 4617 1.
400 4565 483 4616 Brev.
499 4564 590 4629 Rom„
604 4565 666 4619 lest.
679 4566 707 4619 S.
723 4563 851 4630 Damasi,
869 4578 897 4616 ιι
915 4565 977 4618 Dec

363 4658 387 4697 2.
404 4643 494 4712 Epist.
509 4644 542 4696 dc
555 4646 636 4698 Stud.
651 4645 726 4728 lirin,
744 4643 773 4696 18
787 4643 858 4711 Aug.
875 4642 951 4711 1883.
