3496 5482
326 667 374 756 64
735 684 827 735 ΡΑΡΑ
855 662 913 735 s1'r
942 684 1016 737 nux
1045 681 1171 733 nona.

326 843 516 943 legitimus
547 861 751 942 praetextus
782 842 903 940 potuit
939 843 1101 917 existere
1120 839 1248 915 violati
1262 840 1367 938 juris.
1393 838 1436 912 ld
1455 857 1579 913 autem
1691 889 1698 899 -

328 963 479 1037 tandem
509 962 646 1037 saeculo
664 961 767 1035 VIII
790 959 1001 1036 absolutum
1021 960 1098 1034 fuit.

380 1079 417 1181 2)
441 1080 589 1155 Interea
607 1097 733 1156 tamen
747 1079 875 1154 divina
892 1078 1135 1154 Providentia
1154 1102 1212 1152 res
1229 1076 1279 1151 ita
1299 1076 1492 1151 moderata
1511 1095 1578 1161 est,

326 1217 366 1273 ut
388 1200 581 1274 Romanus
597 1199 769 1274 Pontifex
783 1198 876 1273 liber
894 1198 1048 1272 omnino
1066 1215 1180 1295 atque
1193 1194 1303 1294 plane
1322 1194 1580 1292 independens

327 1318 363 1392 in
386 1317 493 1392 Urbe
511 1319 632 1393 Roma
651 1337 760 1405 esset,
782 1337 819 1393 et
839 1336 1040 1414 antequam
1060 1317 1162 1393 omni
1181 1315 1307 1414 specie
1323 1314 1436 1415 regiae
1455 1332 1580 1388 aucto·

327 1436 445 1511 ritatis
464 1428 654 1533 potiretur,
668 1437 748 1535 jam
767 1463 789 1510 a
807 1436 944 1511 saeculo
970 1435 1168 1533 Vpolitica
1188 1453 1375 1531 potestate
1394 1433 1577 1508 utebatur,

379 1558 474 1632 Ilaec
493 1575 618 1632 tamen
651 1557 816 1632 conditio
834 1558 882 1632 de
900 1584 941 1632 se
970 1575 1049 1632 erat
1078 1557 1228 1641 incerta,
1249 1555 1379 1644 labilis,
1414 1555 1580 1630 obnoxia

288 1701 289 1705 ’
327 1676 606 1750 mutationibus.
629 1676 665 1749 Α
688 1677 774 1750 Deo
785 1676 955 1751 ordinata
974 1692 1054 1750 erat
1071 1676 1118 1749 ad
1138 1675 1338 1749 firmiorem
1357 1693 1495 1748 statum
1515 1674 1580 1747 ob·

327 1794 521 1870 tioendum
549 1820 616 1891 per
644 1794 906 1891 Principatum.
928 1793 1056 1889 Quare
1079 1794 1245 1891 ineptum
1265 1812 1364 1868 esset
1394 1790 1582 1890 postulare

328 1931 366 1988 ut
385 1939 511 1987 rursus
543 1912 590 1986 ad
616 1938 699 1986 eam
733 1911 959 2011 primitivam
979 1931 1016 1987 et
1049 1911 1303 2009 imperfectam
1326 1911 1579 1985 conditionem

327 2031 465 2106 rediret
487 2029 657 2104 Ecclesia
672 2028 727 2129 (¹).

382 2151 529 2224 Instant
551 2148 754 2223 Pontificiae
773 2148 1038 2223 dominationis
1050 2147 1265 2245 temporalis
1280 2173 1419 2234 osores,
1436 2147 1579 2223 dicunt·

326 2293 423 2366 que:
454 2279 474 2306 “
507 2265 617 2341 Civili
646 2265 858 2364 Principatu
887 2267 1066 2341 destituta
1102 2266 1170 2340 luit
1205 2265 1374 2341 Ecclesia
1402 2291 1470 2363 per
1495 2286 1582 2339 octo

328 2387 447 2484 prima
465 2383 599 2459 saecula
616 2413 624 2471 ;
643 2409 735 2483 ergo
751 2402 874 2480 potest
901 2403 939 2459 et
960 2385 1030 2458 isto
1061 2383 1287 2459 adminiculo
1311 2409 1437 2459 carere
1468 2384 1581 2459 etiam
1612 2422 1615 2426 ⁴

327 2518 471 2604 postea,
485 2502 693 2602 prasertim
713 2528 795 2576 cum
812 2528 906 2600 opus
924 2503 994 2576 hoc
1006 2502 1186 2589 divinum,
1201 2503 1302 2599 quod
1321 2521 1378 2577 est
1398 2501 1579 2587 Ecclesia,

329 2648 405 2698 non
424 2622 543 2720 possit
554 2619 626 2694 dici
644 2620 811 2718 pendere
829 2646 850 2693 a
865 2621 1080 2696 conditione
1099 2622 1167 2695 hac
1185 2620 1384 2719 politicaet
1412 2621 1581 2695 acciden-

330 2740 403 2816 tali.
420 2741 437 2768 ”

381 2858 451 2934 Cui
483 2855 691 2931 difficultati
722 2856 926 2931 contraitur
952 2857 1124 2954 sequenti
1143 2876 1389 2955 argumento:
1410 2857 1582 2931 Christus

330 2975 447 3050 voluit
468 2973 676 3048 Ecclesiam
689 3000 794 3047 suam
814 2974 924 3047 initio
949 2975 1166 3048 destitutam
1181 2999 1265 3047 esse
1292 2974 1393 3047 omni
1419 2974 1584 3047 humano

329 3091 476 3178 auxilio,
497 3091 572 3165 imo
590 3092 789 3190 propagari
817 3092 1072 3166 obnitentibus
1108 3091 1251 3165 cunctis
1281 3090 1452 3164 humanis
1478 3109 1581 3188 pote-

329 3210 498 3295 statibus,
522 3228 563 3284 ut
590 3210 699 3309 hujus
718 3210 825 3310 origo
856 3237 1007 3310 prorsus
1040 3211 1167 3284 divina
1191 3229 1467 3286 monstraretur.
1489 3210 1582 3284 Tria

330 3331 463 3405 saecula
482 3331 761 3429 persecutionis,
793 3332 830 3405 in
849 3332 954 3406 initio
982 3332 1029 3406 ab
1050 3331 1221 3407 Ecclesia
1239 3331 1405 3418 tolerata,
1439 3330 1582 3404 irrefra-

330 3447 454 3547 gabile
468 3448 699 3523 constituunt
717 3468 979 3547 argumentum
1001 3451 1170 3547 ejusdem
1194 3449 1413 3524 divinitatis.

383 3570 435 3643 At
453 3570 628 3643 cordatus
647 3570 805 3667 quisque
825 3569 880 3643 vir
893 3595 966 3643 non
982 3569 1127 3666 putabit
1146 3587 1283 3644 statum
1303 3571 1489 3644 continuae
1503 3593 1583 3666 per·

331 3687 532 3762 secutionis
544 3703 682 3761 statum
702 3687 906 3762 normalem
934 3713 1018 3761 esse
1033 3685 1223 3772 Ecclesiae,
1245 3712 1313 3760 nec
1342 3713 1473 3762 omnes
1502 3687 1583 3785 ejus

330 3831 498 3881 summos
526 3804 736 3891 Pontifices
768 3804 863 3880 sicut
894 3805 1047 3905 triginta
1073 3805 1226 3901 priores,
1256 3804 1394 3878 debere
1420 3804 1582 3877 violenta

333 3941 452 3998 morte
467 3924 632 4021 martyrii
652 3923 831 3997 coronari.
860 3923 894 3995 N
900 3925 1075 4020 equidem
1090 3922 1235 4021 putabit
1251 3919 1430 3995 Ecclesiae
1444 3939 1583 3994 statum

332 4067 481 4138 semper
492 4043 666 4116 eumdem
686 4042 848 4116 sutorum
869 4041 905 4114 in
937 4041 1006 4115 hoc
1027 4042 1176 4125 mundo,
1197 4058 1235 4113 et
1255 4064 1329 4113 noo
1348 4041 1472 4136 potius
1490 4039 1586 4113 divi-

333 4184 389 4235 nae
423 4158 676 4233 Providentiae
706 4184 779 4256 ope
807 4157 986 4257 singulari
1010 4157 1217 4232 Ecclesiam
1250 4157 1419 4254 adjutum
1450 4155 1491 4257 iri
1515 4154 1587 4230 illis

323 4277 504 4350 ‘humanis
535 4275 678 4360 mediis,
698 4275 833 4372 quibus
863 4275 1007 4374 indiget
1036 4293 1076 4348 ut
1103 4300 1171 4349 sua
1200 4274 1327 4348 missio
1345 4272 1393 4345 ab
1411 4272 1587 4347 omnibus

333 4411 631 4493 recognoscatur,
661 4412 699 4467 et
725 4419 833 4466 suum
857 4392 1102 4467 ministerium
1122 4391 1244 4465 valeat
1263 4417 1346 4465 cum
1371 4391 1529 4466 utilitate
1548 4408 1585 4464 et

333 4513 474 4588 honore
493 4513 681 4588 exhibere.
702 4513 753 4588 Et
773 4514 868 4587 inter
887 4514 966 4587 haec
985 4513 1107 4587 media
1125 4512 1360 4610 potissimum
1379 4511 1500 4585 locum
1520 4510 1584 4585 ha·

334 4630 398 4705 bet
421 4630 653 4728 Principatus
676 4629 892 4729 temporalis
911 4630 950 4704 S.
972 4629 1063 4703 Sedi
1081 4629 1260 4727 singulari
1287 4628 1423 4703 divinae
1457 4628 1587 4702 Provi-

372 4838 393 4877 ι.
416 4821 557 4892 PalmIeri,
568 4823 588 4876 l.
600 4840 632 4891 c.,
646 4840 709 4894 pag.
726 4824 784 4891 506.
