<?xml version="1.0" encoding="UTF-8"?>
<!DOCTYPE html PUBLIC "-//W3C//DTD XHTML 1.0 Transitional//EN"
    "http://www.w3.org/TR/xhtml1/DTD/xhtml1-transitional.dtd">
<html xmlns="http://www.w3.org/1999/xhtml" xml:lang="en" lang="en">
 <head>
  <title>
</title>
<meta http-equiv="Content-Type" content="text/html;charset=utf-8" />
  <meta name='ocr-system' content='tesseract 3.04.00' />
  <meta name='ocr-capabilities' content='ocr_page ocr_carea ocr_par ocr_line ocrx_word'/>
</head>
<body>
  <div class='ocr_page' id='page_1' title='image "./papasitrexromae00godtgoog_0193.png"; bbox 0 0 3496 5482; ppageno 0'>
   <div class='ocr_carea' id='block_1_1' title="bbox 921 475 1501 486">
    <p class='ocr_par' dir='ltr' id='par_1_1' title="bbox 921 475 1501 486">
     <span class='ocr_line' id='line_1_1' title="bbox 921 475 1501 486; baseline 0.002 -2"><span class='ocrx_word' id='word_1_1' title='bbox 921 475 1009 485; x_wconf 55' lang='grc' dir='ltr'>..ρ-...η</span> <span class='ocrx_word' id='word_1_2' title='bbox 1017 476 1501 486; x_wconf 54' lang='lat'>---——.-.-...---.----...-—-—</span> 
     </span>
    </p>
   </div>
   <div class='ocr_carea' id='block_1_2' title="bbox 249 523 1089 613">
    <p class='ocr_par' dir='ltr' id='par_1_2' title="bbox 249 523 1089 613">
     <span class='ocr_line' id='line_1_2' title="bbox 249 523 1089 613; baseline -0.006 -19"><span class='ocrx_word' id='word_1_3' title='bbox 249 523 319 613; x_wconf 81' lang='lat'>178</span> <span class='ocrx_word' id='word_1_4' title='bbox 653 543 745 591; x_wconf 70' lang='lat' dir='ltr'>mex</span> <span class='ocrx_word' id='word_1_5' title='bbox 771 541 831 591; x_wconf 78' lang='lat' dir='ltr'>sm</span> <span class='ocrx_word' id='word_1_6' title='bbox 858 541 933 591; x_wconf 77' lang='lat' dir='ltr'>anx</span> <span class='ocrx_word' id='word_1_7' title='bbox 962 540 1089 590; x_wconf 63' lang='lat' dir='ltr'>nonas.</span> 
     </span>
    </p>
   </div>
   <div class='ocr_carea' id='block_1_3' title="bbox 578 645 1504 655">
    <p class='ocr_par' dir='ltr' id='par_1_3' title="bbox 578 645 1504 655">
     <span class='ocr_line' id='line_1_3' title="bbox 578 645 1504 655; baseline 0.001 -2"><span class='ocrx_word' id='word_1_8' title='bbox 578 648 629 653; x_wconf 77' lang='lat'>..-</span> <span class='ocrx_word' id='word_1_9' title='bbox 644 648 647 652; x_wconf 96' lang='lat'>.</span> <span class='ocrx_word' id='word_1_10' title='bbox 664 647 801 655; x_wconf 49' lang='lat'>„—..-.-—</span> <span class='ocrx_word' id='word_1_11' title='bbox 816 645 1109 652; x_wconf 72' lang='lat'>--.—..--—-.....-.——..</span> <span class='ocrx_word' id='word_1_12' title='bbox 1129 645 1504 654; x_wconf 69' lang='lat'>——..-—-—-·-—-——.-</span> 
     </span>
    </p>
   </div>
   <div class='ocr_carea' id='block_1_4' title="bbox 238 702 1504 1982">
    <p class='ocr_par' dir='ltr' id='par_1_4' title="bbox 238 702 1504 1982">
     <span class='ocr_line' id='line_1_4' title="bbox 240 702 1502 802; baseline -0.002 -22"><span class='ocrx_word' id='word_1_13' title='bbox 240 704 373 780; x_wconf 89' lang='lat' dir='ltr'>datum</span> <span class='ocrx_word' id='word_1_14' title='bbox 404 722 472 779; x_wconf 91' lang='lat' dir='ltr'>est.</span> <span class='ocrx_word' id='word_1_15' title='bbox 506 703 647 802; x_wconf 89' lang='lat' dir='ltr'>Itaque,</span> <span class='ocrx_word' id='word_1_16' title='bbox 681 705 902 778; x_wconf 88' lang='lat' dir='ltr'>auctoritate</span> <span class='ocrx_word' id='word_1_17' title='bbox 939 703 1223 799; x_wconf 91' lang='lat' dir='ltr'>Omnipotentis</span> <span class='ocrx_word' id='word_1_18' title='bbox 1258 703 1332 775; x_wconf 90' lang='lat' dir='ltr'>Dei</span> <span class='ocrx_word' id='word_1_19' title='bbox 1364 720 1402 776; x_wconf 92' lang='lat' dir='ltr'>et</span> <span class='ocrx_word' id='word_1_20' title='bbox 1431 702 1502 778; x_wconf 84' lang='lat' dir='ltr'>SS.</span> 
     </span>
     <span class='ocr_line' id='line_1_5' title="bbox 240 817 1502 920; baseline -0.002 -24"><span class='ocrx_word' id='word_1_21' title='bbox 240 819 515 920; x_wconf 70' lang='lat' dir='ltr'>Apostolorum</span> <span class='ocrx_word' id='word_1_22' title='bbox 537 820 636 895; x_wconf 90' lang='lat' dir='ltr'>Petri</span> <span class='ocrx_word' id='word_1_23' title='bbox 668 837 706 896; x_wconf 91' lang='lat' dir='ltr'>et</span> <span class='ocrx_word' id='word_1_24' title='bbox 728 820 831 895; x_wconf 92' lang='lat' dir='ltr'>Pauli</span> <span class='ocrx_word' id='word_1_25' title='bbox 861 846 904 894; x_wconf 92' lang='lat' dir='ltr'>ac</span> <span class='ocrx_word' id='word_1_26' title='bbox 925 819 1077 904; x_wconf 89' lang='lat' dir='ltr'>Nostra,</span> <span class='ocrx_word' id='word_1_27' title='bbox 1104 820 1229 894; x_wconf 90' lang='lat' dir='ltr'>denuo</span> <span class='ocrx_word' id='word_1_28' title='bbox 1260 817 1502 907; x_wconf 87' lang='lat' dir='ltr'>declaramus,</span> 
     </span>
     <span class='ocr_line' id='line_1_6' title="bbox 244 936 1504 1036; baseline -0.003 -22"><span class='ocrx_word' id='word_1_29' title='bbox 244 966 310 1014; x_wconf 93' lang='lat' dir='ltr'>eos</span> <span class='ocrx_word' id='word_1_30' title='bbox 328 964 469 1025; x_wconf 93' lang='lat' dir='ltr'>omnes,</span> <span class='ocrx_word' id='word_1_31' title='bbox 490 939 554 1036; x_wconf 92' lang='lat' dir='ltr'>qui</span> <span class='ocrx_word' id='word_1_32' title='bbox 575 938 753 1014; x_wconf 79' lang='lat' dir='ltr'>nefariam</span> <span class='ocrx_word' id='word_1_33' title='bbox 775 938 811 1012; x_wconf 93' lang='lat' dir='ltr'>in</span> <span class='ocrx_word' id='word_1_34' title='bbox 835 936 1040 1012; x_wconf 86' lang='lat' dir='ltr'>Pontificiae</span> <span class='ocrx_word' id='word_1_35' title='bbox 1072 936 1224 1012; x_wconf 80' lang='lat' dir='ltr'>Nostrae</span> <span class='ocrx_word' id='word_1_36' title='bbox 1251 936 1402 1012; x_wconf 89' lang='lat' dir='ltr'>ditionis</span> <span class='ocrx_word' id='word_1_37' title='bbox 1421 963 1504 1035; x_wconf 89' lang='lat' dir='ltr'>pro·</span> 
     </span>
     <span class='ocr_line' id='line_1_7' title="bbox 239 1052 1504 1156; baseline -0.002 -23"><span class='ocrx_word' id='word_1_38' title='bbox 239 1059 376 1133; x_wconf 89' lang='lat' dir='ltr'>vinciis</span> <span class='ocrx_word' id='word_1_39' title='bbox 393 1056 636 1133; x_wconf 88' lang='lat' dir='ltr'>rebellionem</span> <span class='ocrx_word' id='word_1_40' title='bbox 655 1076 694 1133; x_wconf 91' lang='lat' dir='ltr'>et</span> <span class='ocrx_word' id='word_1_41' title='bbox 712 1083 840 1133; x_wconf 90' lang='lat' dir='ltr'>earum</span> <span class='ocrx_word' id='word_1_42' title='bbox 860 1052 1150 1156; x_wconf 71' lang='lat' dir='ltr'>usurpationem,</span> <span class='ocrx_word' id='word_1_43' title='bbox 1171 1056 1454 1155; x_wconf 86' lang='lat' dir='ltr'>occupationem</span> <span class='ocrx_word' id='word_1_44' title='bbox 1467 1073 1504 1131; x_wconf 89' lang='lat' dir='ltr'>et</span> 
     </span>
     <span class='ocr_line' id='line_1_8' title="bbox 242 1174 1502 1275; baseline -0.004 -23"><span class='ocrx_word' id='word_1_45' title='bbox 242 1176 475 1252; x_wconf 84' lang='lat' dir='ltr'>invasionem</span> <span class='ocrx_word' id='word_1_46' title='bbox 489 1193 529 1251; x_wconf 88' lang='lat' dir='ltr'>et</span> <span class='ocrx_word' id='word_1_47' title='bbox 538 1176 612 1249; x_wconf 90' lang='lat' dir='ltr'>alia</span> <span class='ocrx_word' id='word_1_48' title='bbox 630 1175 855 1275; x_wconf 88' lang='lat' dir='ltr'>hujusmodi,</span> <span class='ocrx_word' id='word_1_49' title='bbox 870 1175 930 1249; x_wconf 89' lang='lat' dir='ltr'>vel</span> <span class='ocrx_word' id='word_1_50' title='bbox 949 1198 1078 1250; x_wconf 91' lang='lat' dir='ltr'>eorum</span> <span class='ocrx_word' id='word_1_51' title='bbox 1091 1174 1214 1271; x_wconf 89' lang='lat' dir='ltr'>aliqua</span> <span class='ocrx_word' id='word_1_52' title='bbox 1233 1190 1502 1271; x_wconf 90' lang='lat' dir='ltr'>perpetrarunt,</span> 
     </span>
     <span class='ocr_line' id='line_1_9' title="bbox 241 1291 1504 1392; baseline -0.003 -23"><span class='ocrx_word' id='word_1_53' title='bbox 241 1296 295 1351; x_wconf 75' lang='lat'>·-—‘</span> <span class='ocrx_word' id='word_1_54' title='bbox 312 1295 475 1392; x_wconf 81' lang='lat' dir='ltr'>itemque</span> <span class='ocrx_word' id='word_1_55' title='bbox 505 1294 670 1390; x_wconf 87' lang='lat' dir='ltr'>ipsorum</span> <span class='ocrx_word' id='word_1_56' title='bbox 704 1293 936 1380; x_wconf 88' lang='lat' dir='ltr'>mandantes,</span> <span class='ocrx_word' id='word_1_57' title='bbox 959 1293 1133 1376; x_wconf 86' lang='lat' dir='ltr'>lautores,</span> <span class='ocrx_word' id='word_1_58' title='bbox 1165 1291 1367 1390; x_wconf 87' lang='lat' dir='ltr'>adjutores,</span> <span class='ocrx_word' id='word_1_59' title='bbox 1385 1292 1504 1366; x_wconf 91' lang='lat' dir='ltr'>consi·</span> 
     </span>
     <span class='ocr_line' id='line_1_10' title="bbox 242 1409 1503 1508; baseline -0.002 -22"><span class='ocrx_word' id='word_1_60' title='bbox 242 1411 378 1499; x_wconf 91' lang='lat' dir='ltr'>liarios,</span> <span class='ocrx_word' id='word_1_61' title='bbox 398 1410 644 1496; x_wconf 75' lang='lat' dir='ltr'>adhaerentes,</span> <span class='ocrx_word' id='word_1_62' title='bbox 678 1456 728 1468; x_wconf 93' lang='lat'><em>-</em></span> <span class='ocrx_word' id='word_1_63' title='bbox 751 1409 810 1489; x_wconf 90' lang='lat' dir='ltr'>vel</span> <span class='ocrx_word' id='word_1_64' title='bbox 840 1410 932 1485; x_wconf 91' lang='lat' dir='ltr'>alios</span> <span class='ocrx_word' id='word_1_65' title='bbox 962 1434 1221 1508; x_wconf 90' lang='lat' dir='ltr'>quoscumque</span> <span class='ocrx_word' id='word_1_66' title='bbox 1244 1410 1503 1507; x_wconf 83' lang='lat' dir='ltr'>praedictarum</span> 
     </span>
     <span class='ocr_line' id='line_1_11' title="bbox 238 1528 1504 1626; baseline -0.002 -22"><span class='ocrx_word' id='word_1_67' title='bbox 238 1555 366 1604; x_wconf 87' lang='lat' dir='ltr'>rerum</span> <span class='ocrx_word' id='word_1_68' title='bbox 384 1529 644 1604; x_wconf 79' lang='lat' dir='ltr'>executionem</span> <span class='ocrx_word' id='word_1_69' title='bbox 663 1528 832 1626; x_wconf 91' lang='lat' dir='ltr'>quolibet</span> <span class='ocrx_word' id='word_1_70' title='bbox 861 1547 1058 1625; x_wconf 71' lang='lat' dir='ltr'>praetextu,</span> <span class='ocrx_word' id='word_1_71' title='bbox 1079 1545 1117 1602; x_wconf 90' lang='lat' dir='ltr'>et</span> <span class='ocrx_word' id='word_1_72' title='bbox 1135 1528 1270 1624; x_wconf 91' lang='lat' dir='ltr'>quovis</span> <span class='ocrx_word' id='word_1_73' title='bbox 1290 1528 1403 1602; x_wconf 86' lang='lat' dir='ltr'>modo</span> <span class='ocrx_word' id='word_1_74' title='bbox 1421 1553 1504 1625; x_wconf 92' lang='lat' dir='ltr'>pro·</span> 
     </span>
     <span class='ocr_line' id='line_1_12' title="bbox 242 1645 1503 1744; baseline -0.002 -22"><span class='ocrx_word' id='word_1_75' title='bbox 242 1663 424 1732; x_wconf 88' lang='lat' dir='ltr'>curantes,</span> <span class='ocrx_word' id='word_1_76' title='bbox 446 1645 504 1720; x_wconf 89' lang='lat' dir='ltr'>vel</span> <span class='ocrx_word' id='word_1_77' title='bbox 524 1672 591 1743; x_wconf 92' lang='lat' dir='ltr'>per</span> <span class='ocrx_word' id='word_1_78' title='bbox 608 1648 769 1742; x_wconf 87' lang='lat' dir='ltr'>seipsos</span> <span class='ocrx_word' id='word_1_79' title='bbox 804 1663 1044 1744; x_wconf 88' lang='lat' dir='ltr'>exequentes,</span> <span class='ocrx_word' id='word_1_80' title='bbox 1067 1646 1254 1744; x_wconf 91' lang='lat' dir='ltr'>Majorem</span> <span class='ocrx_word' id='word_1_81' title='bbox 1275 1645 1503 1720; x_wconf 88' lang='lat' dir='ltr'>Excommu-</span> 
     </span>
     <span class='ocr_line' id='line_1_13' title="bbox 241 1764 1503 1864; baseline -0.002 -24"><span class='ocrx_word' id='word_1_82' title='bbox 241 1766 479 1853; x_wconf 80' lang='lat' dir='ltr'>nicationem,</span> <span class='ocrx_word' id='word_1_83' title='bbox 500 1765 664 1864; x_wconf 81' lang='lat' dir='ltr'>aliasque</span> <span class='ocrx_word' id='word_1_84' title='bbox 683 1791 858 1840; x_wconf 87' lang='lat' dir='ltr'>censuras</span> <span class='ocrx_word' id='word_1_85' title='bbox 877 1790 920 1840; x_wconf 93' lang='lat' dir='ltr'>ac</span> <span class='ocrx_word' id='word_1_86' title='bbox 939 1791 1071 1863; x_wconf 88' lang='lat' dir='ltr'>poenas</span> <span class='ocrx_word' id='word_1_87' title='bbox 1096 1764 1367 1840; x_wconf 86' lang='lat' dir='ltr'>ecclesiasticas</span> <span class='ocrx_word' id='word_1_88' title='bbox 1385 1767 1503 1840; x_wconf 91' lang='lat' dir='ltr'>incur-</span> 
     </span>
     <span class='ocr_line' id='line_1_14' title="bbox 242 1883 1503 1982; baseline -0.002 -23"><span class='ocrx_word' id='word_1_89' title='bbox 242 1885 346 1970; x_wconf 87' lang='lat' dir='ltr'>risse,</span> <span class='ocrx_word' id='word_1_90' title='bbox 367 1885 453 1958; x_wconf 90' lang='lat' dir='ltr'>etsi</span> <span class='ocrx_word' id='word_1_91' title='bbox 472 1909 567 1982; x_wconf 90' lang='lat' dir='ltr'>opus</span> <span class='ocrx_word' id='word_1_92' title='bbox 597 1902 665 1972; x_wconf 91' lang='lat' dir='ltr'>est,</span> <span class='ocrx_word' id='word_1_93' title='bbox 686 1886 734 1959; x_wconf 96' lang='lat' dir='ltr'>de</span> <span class='ocrx_word' id='word_1_94' title='bbox 752 1909 853 1959; x_wconf 93' lang='lat' dir='ltr'>novo</span> <span class='ocrx_word' id='word_1_95' title='bbox 884 1884 1253 1959; x_wconf 90' lang='lat' dir='ltr'>excommunicamus</span> <span class='ocrx_word' id='word_1_96' title='bbox 1281 1901 1320 1958; x_wconf 91' lang='lat' dir='ltr'>et</span> <span class='ocrx_word' id='word_1_97' title='bbox 1351 1883 1503 1958; x_wconf 91' lang='lat' dir='ltr'>anathe-</span> 
     </span>
    </p>
   </div>
   <div class='ocr_carea' id='block_1_5' title="bbox 132 1998 575 2101">
    <p class='ocr_par' dir='ltr' id='par_1_5' title="bbox 132 1998 575 2101">
     <span class='ocr_line' id='line_1_15' title="bbox 132 1998 575 2101; baseline -0.007 -24"><span class='ocrx_word' id='word_1_98' title='bbox 132 2024 136 2033; x_wconf 83' lang='grc'><strong><em>’</em></strong></span> <span class='ocrx_word' id='word_1_99' title='bbox 244 2002 463 2076; x_wconf 90' lang='lat' dir='ltr'>matizamus</span> <span class='ocrx_word' id='word_1_100' title='bbox 481 1998 536 2101; x_wconf 84' lang='lat'><em>(¹).</em></span> <span class='ocrx_word' id='word_1_101' title='bbox 558 2001 575 2028; x_wconf 79' lang='lat'>&#39;¹</span> 
     </span>
    </p>
   </div>
   <div class='ocr_carea' id='block_1_6' title="bbox 168 2117 1573 4576">
    <p class='ocr_par' dir='ltr' id='par_1_6' title="bbox 168 2117 1503 3610">
     <span class='ocr_line' id='line_1_16' title="bbox 296 2117 1503 2214; baseline 0 -21"><span class='ocrx_word' id='word_1_102' title='bbox 296 2119 371 2194; x_wconf 93' lang='lat' dir='ltr'>Die</span> <span class='ocrx_word' id='word_1_103' title='bbox 383 2144 473 2193; x_wconf 89' lang='lat' dir='ltr'>vero</span> <span class='ocrx_word' id='word_1_104' title='bbox 489 2119 743 2194; x_wconf 89' lang='lat' dir='ltr'>1Novembris</span> <span class='ocrx_word' id='word_1_105' title='bbox 761 2123 856 2214; x_wconf 92' lang='lat'>1870</span> <span class='ocrx_word' id='word_1_106' title='bbox 868 2119 1136 2194; x_wconf 88' lang='lat' dir='ltr'>Sanctissimus</span> <span class='ocrx_word' id='word_1_107' title='bbox 1145 2117 1331 2193; x_wconf 90' lang='lat' dir='ltr'>Dominus</span> <span class='ocrx_word' id='word_1_108' title='bbox 1347 2119 1434 2192; x_wconf 91' lang='lat' dir='ltr'>Pius</span> <span class='ocrx_word' id='word_1_109' title='bbox 1445 2119 1503 2193; x_wconf 91' lang='lat' dir='ltr'>IX</span> 
     </span>
     <span class='ocr_line' id='line_1_17' title="bbox 242 2236 1502 2338; baseline 0.002 -28"><span class='ocrx_word' id='word_1_110' title='bbox 242 2236 338 2311; x_wconf 93' lang='lat' dir='ltr'>hanc</span> <span class='ocrx_word' id='word_1_111' title='bbox 373 2238 798 2314; x_wconf 89' lang='lat' dir='ltr'>excommunicationem</span> <span class='ocrx_word' id='word_1_112' title='bbox 836 2240 1016 2338; x_wconf 90' lang='lat' dir='ltr'>majorem</span> <span class='ocrx_word' id='word_1_113' title='bbox 1055 2255 1213 2313; x_wconf 87' lang='lat' dir='ltr'>renovat</span> <span class='ocrx_word' id='word_1_114' title='bbox 1240 2257 1277 2312; x_wconf 91' lang='lat' dir='ltr'>et</span> <span class='ocrx_word' id='word_1_115' title='bbox 1308 2237 1502 2313; x_wconf 89' lang='lat' dir='ltr'>confirmat</span> 
     </span>
     <span class='ocr_line' id='line_1_18' title="bbox 243 2355 1500 2453; baseline 0.001 -23"><span class='ocrx_word' id='word_1_116' title='bbox 243 2356 346 2431; x_wconf 89' lang='lat' dir='ltr'>hisce</span> <span class='ocrx_word' id='word_1_117' title='bbox 364 2355 611 2432; x_wconf 90' lang='lat' dir='ltr'>severissimis</span> <span class='ocrx_word' id='word_1_118' title='bbox 638 2356 786 2432; x_wconf 88' lang='lat' dir='ltr'>verbis:</span> <span class='ocrx_word' id='word_1_119' title='bbox 806 2367 827 2396; x_wconf 90' lang='grc'>“</span> <span class='ocrx_word' id='word_1_120' title='bbox 846 2357 1084 2431; x_wconf 85' lang='lat' dir='ltr'>Auctoritate</span> <span class='ocrx_word' id='word_1_121' title='bbox 1112 2356 1394 2453; x_wconf 89' lang='lat' dir='ltr'>Omnipotentis</span> <span class='ocrx_word' id='word_1_122' title='bbox 1414 2357 1500 2444; x_wconf 89' lang='lat' dir='ltr'>Dei,</span> 
     </span>
     <span class='ocr_line' id='line_1_19' title="bbox 243 2474 1501 2571; baseline -0.003 -20"><span class='ocrx_word' id='word_1_123' title='bbox 243 2474 314 2552; x_wconf 88' lang='lat' dir='ltr'>SS.</span> <span class='ocrx_word' id='word_1_124' title='bbox 336 2474 605 2571; x_wconf 85' lang='lat' dir='ltr'>Apostolorum</span> <span class='ocrx_word' id='word_1_125' title='bbox 637 2475 792 2558; x_wconf 83' lang='lat' dir='ltr'>Petriet</span> <span class='ocrx_word' id='word_1_126' title='bbox 814 2475 927 2562; x_wconf 91' lang='lat' dir='ltr'>Pauli,</span> <span class='ocrx_word' id='word_1_127' title='bbox 952 2501 994 2549; x_wconf 91' lang='lat' dir='ltr'>ac</span> <span class='ocrx_word' id='word_1_128' title='bbox 1030 2475 1181 2560; x_wconf 88' lang='lat' dir='ltr'>Nostra,</span> <span class='ocrx_word' id='word_1_129' title='bbox 1216 2474 1401 2549; x_wconf 86' lang='lat' dir='ltr'>universae</span> <span class='ocrx_word' id='word_1_130' title='bbox 1430 2474 1501 2547; x_wconf 86' lang='lat' dir='ltr'>Ec-</span> 
     </span>
     <span class='ocr_line' id='line_1_20' title="bbox 168 2590 1501 2691; baseline -0.002 -25"><span class='ocrx_word' id='word_1_131' title='bbox 168 2671 169 2675; x_wconf 49' lang='lat'>,</span> <span class='ocrx_word' id='word_1_132' title='bbox 242 2590 366 2667; x_wconf 75' lang='lat' dir='ltr'>clesiae</span> <span class='ocrx_word' id='word_1_133' title='bbox 407 2591 649 2678; x_wconf 85' lang='lat' dir='ltr'>declaramus,</span> <span class='ocrx_word' id='word_1_134' title='bbox 683 2619 749 2667; x_wconf 89' lang='lat' dir='ltr'>eos</span> <span class='ocrx_word' id='word_1_135' title='bbox 788 2619 930 2679; x_wconf 91' lang='lat' dir='ltr'>omnes,</span> <span class='ocrx_word' id='word_1_136' title='bbox 967 2593 1133 2691; x_wconf 88' lang='lat' dir='ltr'>qualibet</span> <span class='ocrx_word' id='word_1_137' title='bbox 1163 2591 1347 2691; x_wconf 84' lang='lat' dir='ltr'>dignitate</span> <span class='ocrx_word' id='word_1_138' title='bbox 1388 2591 1501 2665; x_wconf 89' lang='lat' dir='ltr'>etiam</span> 
     </span>
     <span class='ocr_line' id='line_1_21' title="bbox 243 2708 1503 2811; baseline -0.002 -26"><span class='ocrx_word' id='word_1_139' title='bbox 243 2708 509 2807; x_wconf 89' lang='lat' dir='ltr'>specialissima</span> <span class='ocrx_word' id='word_1_140' title='bbox 529 2712 718 2785; x_wconf 89' lang='lat' dir='ltr'>mentione</span> <span class='ocrx_word' id='word_1_141' title='bbox 736 2712 851 2811; x_wconf 86' lang='lat' dir='ltr'>digna</span> <span class='ocrx_word' id='word_1_142' title='bbox 883 2711 1080 2809; x_wconf 71' lang='lat' dir='ltr'>fulgentes</span> <span class='ocrx_word' id='word_1_143' title='bbox 1101 2711 1165 2808; x_wconf 91' lang='lat' dir='ltr'>qui</span> <span class='ocrx_word' id='word_1_144' title='bbox 1184 2733 1503 2808; x_wconf 88' lang='lat' dir='ltr'>quarumcumque</span> 
     </span>
     <span class='ocr_line' id='line_1_22' title="bbox 242 2826 1502 2927; baseline -0.002 -25"><span class='ocrx_word' id='word_1_145' title='bbox 242 2829 516 2927; x_wconf 89' lang='lat' dir='ltr'>provinciarum</span> <span class='ocrx_word' id='word_1_146' title='bbox 556 2829 708 2904; x_wconf 82' lang='lat' dir='ltr'>Nostrae</span> <span class='ocrx_word' id='word_1_147' title='bbox 740 2829 891 2903; x_wconf 90' lang='lat' dir='ltr'>ditionis</span> <span class='ocrx_word' id='word_1_148' title='bbox 936 2846 1049 2926; x_wconf 90' lang='lat' dir='ltr'>atque</span> <span class='ocrx_word' id='word_1_149' title='bbox 1085 2828 1193 2902; x_wconf 81' lang='lat' dir='ltr'>almae</span> <span class='ocrx_word' id='word_1_150' title='bbox 1237 2827 1346 2926; x_wconf 91' lang='lat' dir='ltr'>hujus</span> <span class='ocrx_word' id='word_1_151' title='bbox 1386 2826 1502 2901; x_wconf 92' lang='lat' dir='ltr'>Urbis</span> 
     </span>
     <span class='ocr_line' id='line_1_23' title="bbox 243 2943 1502 3043; baseline -0.001 -24"><span class='ocrx_word' id='word_1_152' title='bbox 243 2946 485 3031; x_wconf 91' lang='lat' dir='ltr'>invasionem,</span> <span class='ocrx_word' id='word_1_153' title='bbox 508 2947 799 3043; x_wconf 90' lang='lat' dir='ltr'>usurpationem,</span> <span class='ocrx_word' id='word_1_154' title='bbox 828 2947 1112 3043; x_wconf 88' lang='lat' dir='ltr'>occupationem</span> <span class='ocrx_word' id='word_1_155' title='bbox 1133 2943 1192 3020; x_wconf 95' lang='lat' dir='ltr'>vel</span> <span class='ocrx_word' id='word_1_156' title='bbox 1222 2970 1350 3019; x_wconf 92' lang='lat' dir='ltr'>eorum</span> <span class='ocrx_word' id='word_1_157' title='bbox 1380 2944 1502 3042; x_wconf 89' lang='lat' dir='ltr'>aliqua</span> 
     </span>
     <span class='ocr_line' id='line_1_24' title="bbox 243 3062 1502 3161; baseline -0.002 -24"><span class='ocrx_word' id='word_1_158' title='bbox 243 3080 567 3160; x_wconf 72' lang='lat' dir='ltr'>perpetrarunt-</span> <span class='ocrx_word' id='word_1_159' title='bbox 585 3064 748 3161; x_wconf 88' lang='lat' dir='ltr'>itemque</span> <span class='ocrx_word' id='word_1_160' title='bbox 767 3065 931 3161; x_wconf 90' lang='lat' dir='ltr'>ipsorum</span> <span class='ocrx_word' id='word_1_161' title='bbox 953 3064 1186 3148; x_wconf 89' lang='lat' dir='ltr'>mandantes,</span> <span class='ocrx_word' id='word_1_162' title='bbox 1204 3063 1378 3147; x_wconf 86' lang='lat' dir='ltr'>lautores,</span> <span class='ocrx_word' id='word_1_163' title='bbox 1398 3062 1502 3161; x_wconf 90' lang='lat' dir='ltr'>adju·</span> 
     </span>
     <span class='ocr_line' id='line_1_25' title="bbox 242 3181 1502 3280; baseline -0.001 -25"><span class='ocrx_word' id='word_1_164' title='bbox 242 3198 351 3267; x_wconf 90' lang='lat' dir='ltr'>tores,</span> <span class='ocrx_word' id='word_1_165' title='bbox 371 3181 611 3268; x_wconf 89' lang='lat' dir='ltr'>consiliarios,</span> <span class='ocrx_word' id='word_1_166' title='bbox 632 3183 878 3268; x_wconf 84' lang='lat' dir='ltr'>adhaerentes,</span> <span class='ocrx_word' id='word_1_167' title='bbox 912 3183 971 3257; x_wconf 91' lang='lat' dir='ltr'>vel</span> <span class='ocrx_word' id='word_1_168' title='bbox 1004 3181 1097 3257; x_wconf 90' lang='lat' dir='ltr'>alios</span> <span class='ocrx_word' id='word_1_169' title='bbox 1129 3207 1385 3280; x_wconf 88' lang='lat' dir='ltr'>quoscumque</span> <span class='ocrx_word' id='word_1_170' title='bbox 1409 3207 1502 3278; x_wconf 84' lang='lat' dir='ltr'>prae·</span> 
     </span>
     <span class='ocr_line' id='line_1_26' title="bbox 242 3299 1502 3398; baseline 0.002 -27"><span class='ocrx_word' id='word_1_171' title='bbox 242 3300 421 3372; x_wconf 86' lang='lat' dir='ltr'>dictarum</span> <span class='ocrx_word' id='word_1_172' title='bbox 443 3322 567 3372; x_wconf 87' lang='lat' dir='ltr'>rerum·</span> <span class='ocrx_word' id='word_1_173' title='bbox 584 3301 874 3397; x_wconf 89' lang='lat' dir='ltr'>exequutionem</span> <span class='ocrx_word' id='word_1_174' title='bbox 889 3299 1056 3398; x_wconf 88' lang='lat' dir='ltr'>quolibet</span> <span class='ocrx_word' id='word_1_175' title='bbox 1075 3318 1260 3397; x_wconf 81' lang='lat' dir='ltr'>praetextu</span> <span class='ocrx_word' id='word_1_176' title='bbox 1281 3301 1340 3374; x_wconf 87' lang='lat' dir='ltr'>vel</span> <span class='ocrx_word' id='word_1_177' title='bbox 1366 3299 1502 3397; x_wconf 89' lang='lat' dir='ltr'>quovis</span> 
     </span>
     <span class='ocr_line' id='line_1_27' title="bbox 243 3417 1502 3518; baseline 0.001 -28"><span class='ocrx_word' id='word_1_178' title='bbox 243 3417 355 3490; x_wconf 93' lang='lat' dir='ltr'>modo</span> <span class='ocrx_word' id='word_1_179' title='bbox 375 3435 625 3513; x_wconf 88' lang='lat' dir='ltr'>procurantes,</span> <span class='ocrx_word' id='word_1_180' title='bbox 647 3417 704 3491; x_wconf 90' lang='lat' dir='ltr'>vel</span> <span class='ocrx_word' id='word_1_181' title='bbox 725 3443 792 3514; x_wconf 88' lang='lat' dir='ltr'>per</span> <span class='ocrx_word' id='word_1_182' title='bbox 810 3418 956 3516; x_wconf 92' lang='lat' dir='ltr'>seipsos</span> <span class='ocrx_word' id='word_1_183' title='bbox 975 3437 1218 3517; x_wconf 90' lang='lat' dir='ltr'>exequentes,</span> <span class='ocrx_word' id='word_1_184' title='bbox 1241 3419 1420 3518; x_wconf 87' lang='lat' dir='ltr'>majorem</span> <span class='ocrx_word' id='word_1_185' title='bbox 1438 3444 1502 3493; x_wconf 88' lang='lat' dir='ltr'>ex·</span> 
     </span>
     <span class='ocr_line' id='line_1_28' title="bbox 243 3535 887 3610; baseline 0.005 -3"><span class='ocrx_word' id='word_1_186' title='bbox 243 3535 618 3609; x_wconf 82' lang='lat' dir='ltr'>communicationem</span> <span class='ocrx_word' id='word_1_187' title='bbox 639 3535 847 3610; x_wconf 85' lang='lat' dir='ltr'>incurrisse.</span> <span class='ocrx_word' id='word_1_188' title='bbox 869 3536 887 3562; x_wconf 87' lang='lat'>&#39;&#39;</span> 
     </span>
    </p>

    <p class='ocr_par' dir='ltr' id='par_1_7' title="bbox 242 3652 1573 4441">
     <span class='ocr_line' id='line_1_29' title="bbox 297 3652 1502 3751; baseline 0.002 -27"><span class='ocrx_word' id='word_1_189' title='bbox 297 3652 349 3724; x_wconf 89' lang='lat' dir='ltr'>Et</span> <span class='ocrx_word' id='word_1_190' title='bbox 367 3671 524 3749; x_wconf 89' lang='lat' dir='ltr'>putasne</span> <span class='ocrx_word' id='word_1_191' title='bbox 543 3652 666 3726; x_wconf 79' lang='lat' dir='ltr'>forsan</span> <span class='ocrx_word' id='word_1_192' title='bbox 697 3653 854 3751; x_wconf 91' lang='lat' dir='ltr'>populos</span> <span class='ocrx_word' id='word_1_193' title='bbox 874 3674 911 3728; x_wconf 89' lang='lat' dir='ltr'>et</span> <span class='ocrx_word' id='word_1_194' title='bbox 929 3656 1104 3729; x_wconf 89' lang='lat' dir='ltr'>concives</span> <span class='ocrx_word' id='word_1_195' title='bbox 1129 3679 1257 3728; x_wconf 90' lang='lat' dir='ltr'>eorum</span> <span class='ocrx_word' id='word_1_196' title='bbox 1284 3654 1502 3750; x_wconf 82' lang='lat' dir='ltr'>praedonum</span> 
     </span>
     <span class='ocr_line' id='line_1_30' title="bbox 244 3768 1501 3868; baseline 0 -26"><span class='ocrx_word' id='word_1_197' title='bbox 244 3770 379 3867; x_wconf 91' lang='lat' dir='ltr'>quibus</span> <span class='ocrx_word' id='word_1_198' title='bbox 398 3768 543 3868; x_wconf 78' lang='lat' dir='ltr'>fulgura</span> <span class='ocrx_word' id='word_1_199' title='bbox 571 3770 633 3842; x_wconf 86' lang='lat' dir='ltr'>irae</span> <span class='ocrx_word' id='word_1_200' title='bbox 662 3788 700 3844; x_wconf 92' lang='lat' dir='ltr'>et</span> <span class='ocrx_word' id='word_1_201' title='bbox 729 3771 905 3844; x_wconf 85' lang='lat' dir='ltr'>vindictae</span> <span class='ocrx_word' id='word_1_202' title='bbox 924 3771 1071 3844; x_wconf 89' lang='lat' dir='ltr'>Summi</span> <span class='ocrx_word' id='word_1_203' title='bbox 1092 3771 1166 3845; x_wconf 91' lang='lat' dir='ltr'>Dei</span> <span class='ocrx_word' id='word_1_204' title='bbox 1190 3771 1242 3844; x_wconf 92' lang='lat' dir='ltr'>sic</span> <span class='ocrx_word' id='word_1_205' title='bbox 1272 3770 1501 3866; x_wconf 90' lang='lat' dir='ltr'>impendent,</span> 
     </span>
     <span class='ocr_line' id='line_1_31' title="bbox 244 3870 1573 3984; baseline 0.001 -23"><span class='ocrx_word' id='word_1_206' title='bbox 244 3889 342 3961; x_wconf 92' lang='lat' dir='ltr'>bona</span> <span class='ocrx_word' id='word_1_207' title='bbox 356 3913 447 3983; x_wconf 87' lang='lat' dir='ltr'>pace</span> <span class='ocrx_word' id='word_1_208' title='bbox 459 3913 543 3961; x_wconf 90' lang='lat' dir='ltr'>esse</span> <span class='ocrx_word' id='word_1_209' title='bbox 563 3887 740 3961; x_wconf 79' lang='lat' dir='ltr'>fruituros</span> <span class='ocrx_word' id='word_1_210' title='bbox 759 3887 883 3982; x_wconf 83' lang='lat' dir='ltr'>?Quis</span> <span class='ocrx_word' id='word_1_211' title='bbox 905 3889 990 3961; x_wconf 92' lang='lat' dir='ltr'>Deo</span> <span class='ocrx_word' id='word_1_212' title='bbox 1003 3888 1138 3962; x_wconf 90' lang='lat' dir='ltr'>restitit</span> <span class='ocrx_word' id='word_1_213' title='bbox 1152 3906 1190 3962; x_wconf 93' lang='lat' dir='ltr'>et</span> <span class='ocrx_word' id='word_1_214' title='bbox 1205 3912 1336 3984; x_wconf 91' lang='lat' dir='ltr'>pacem</span> <span class='ocrx_word' id='word_1_215' title='bbox 1347 3870 1504 3962; x_wconf 64' lang='lat' dir='ltr'>&#39;habunt</span> <span class='ocrx_word' id='word_1_216' title='bbox 1569 3921 1573 3926; x_wconf 53' lang='lat'>¹</span> 
     </span>
     <span class='ocr_line' id='line_1_32' title="bbox 246 4003 1504 4103; baseline 0.002 -26"><span class='ocrx_word' id='word_1_217' title='bbox 246 4004 351 4077; x_wconf 91' lang='lat' dir='ltr'>Deus</span> <span class='ocrx_word' id='word_1_218' title='bbox 371 4003 407 4075; x_wconf 93' lang='lat' dir='ltr'>in</span> <span class='ocrx_word' id='word_1_219' title='bbox 427 4004 579 4077; x_wconf 88' lang='lat' dir='ltr'>tutelam</span> <span class='ocrx_word' id='word_1_220' title='bbox 609 4003 791 4078; x_wconf 88' lang='lat' dir='ltr'>libertatis</span> <span class='ocrx_word' id='word_1_221' title='bbox 811 4006 947 4078; x_wconf 89' lang='lat' dir='ltr'>Vicarii</span> <span class='ocrx_word' id='word_1_222' title='bbox 966 4006 1022 4078; x_wconf 92' lang='lat' dir='ltr'>sui</span> <span class='ocrx_word' id='word_1_223' title='bbox 1045 4005 1265 4078; x_wconf 90' lang='lat' dir='ltr'>Dominium</span> <span class='ocrx_word' id='word_1_224' title='bbox 1299 4003 1504 4103; x_wconf 89' lang='lat' dir='ltr'>temporale</span> 
     </span>
     <span class='ocr_line' id='line_1_33' title="bbox 242 4121 1503 4221; baseline 0.002 -27"><span class='ocrx_word' id='word_1_225' title='bbox 242 4121 436 4218; x_wconf 86' lang='lat' dir='ltr'>conjunxit</span> <span class='ocrx_word' id='word_1_226' title='bbox 454 4147 537 4195; x_wconf 93' lang='lat' dir='ltr'>cum</span> <span class='ocrx_word' id='word_1_227' title='bbox 553 4123 718 4196; x_wconf 91' lang='lat' dir='ltr'>Primatu</span> <span class='ocrx_word' id='word_1_228' title='bbox 737 4123 934 4218; x_wconf 91' lang='lat' dir='ltr'>spirituali;</span> <span class='ocrx_word' id='word_1_229' title='bbox 947 4123 1006 4195; x_wconf 93' lang='lat' dir='ltr'>isti</span> <span class='ocrx_word' id='word_1_230' title='bbox 1026 4123 1062 4196; x_wconf 91' lang='lat' dir='ltr'>in</span> <span class='ocrx_word' id='word_1_231' title='bbox 1083 4124 1226 4196; x_wconf 90' lang='lat' dir='ltr'>ruinam</span> <span class='ocrx_word' id='word_1_232' title='bbox 1247 4123 1357 4221; x_wconf 86' lang='lat' dir='ltr'>hujus</span> <span class='ocrx_word' id='word_1_233' title='bbox 1376 4148 1503 4220; x_wconf 89' lang='lat' dir='ltr'>supre-</span> 
     </span>
     <span class='ocr_line' id='line_1_34' title="bbox 245 4240 1504 4338; baseline 0.003 -28"><span class='ocrx_word' id='word_1_234' title='bbox 245 4264 315 4311; x_wconf 86' lang='lat' dir='ltr'>mae</span> <span class='ocrx_word' id='word_1_235' title='bbox 337 4240 538 4314; x_wconf 89' lang='lat' dir='ltr'>Potestatis</span> <span class='ocrx_word' id='word_1_236' title='bbox 556 4241 682 4338; x_wconf 93' lang='lat' dir='ltr'>inique</span> <span class='ocrx_word' id='word_1_237' title='bbox 702 4241 918 4329; x_wconf 81' lang='lat' dir='ltr'>invaserunt</span> <span class='ocrx_word' id='word_1_238' title='bbox 944 4240 1163 4314; x_wconf 92' lang='lat' dir='ltr'>Dominium</span> <span class='ocrx_word' id='word_1_239' title='bbox 1180 4240 1289 4327; x_wconf 91' lang='lat' dir='ltr'>illud;</span> <span class='ocrx_word' id='word_1_240' title='bbox 1317 4259 1375 4314; x_wconf 92' lang='lat' dir='ltr'>ast</span> <span class='ocrx_word' id='word_1_241' title='bbox 1397 4241 1504 4315; x_wconf 90' lang='lat' dir='ltr'>Deus</span> 
     </span>
     <span class='ocr_line' id='line_1_35' title="bbox 243 4357 529 4441; baseline 0.003 -10"><span class='ocrx_word' id='word_1_242' title='bbox 243 4384 320 4441; x_wconf 86' lang='lat' dir='ltr'>non</span> <span class='ocrx_word' id='word_1_243' title='bbox 336 4357 529 4432; x_wconf 87' lang='lat' dir='ltr'>irridetur!</span> 
     </span>
    </p>

    <p class='ocr_par' dir='ltr' id='par_1_8' title="bbox 296 4475 1505 4576">
     <span class='ocr_line' id='line_1_36' title="bbox 296 4475 1505 4576; baseline 0 -28"><span class='ocrx_word' id='word_1_244' title='bbox 296 4486 328 4548; x_wconf 90' lang='lat'>6.</span> <span class='ocrx_word' id='word_1_245' title='bbox 357 4475 605 4551; x_wconf 90' lang='lat' dir='ltr'>Considerata</span> <span class='ocrx_word' id='word_1_246' title='bbox 640 4477 710 4550; x_wconf 91' lang='lat' dir='ltr'>sub</span> <span class='ocrx_word' id='word_1_247' title='bbox 739 4476 870 4551; x_wconf 87' lang='lat' dir='ltr'>stricto</span> <span class='ocrx_word' id='word_1_248' title='bbox 906 4496 1077 4574; x_wconf 90' lang='lat' dir='ltr'>respectu</span> <span class='ocrx_word' id='word_1_249' title='bbox 1104 4477 1199 4575; x_wconf 87' lang='lat' dir='ltr'>juris</span> <span class='ocrx_word' id='word_1_250' title='bbox 1235 4477 1404 4576; x_wconf 86' lang='lat' dir='ltr'>gentium</span> <span class='ocrx_word' id='word_1_251' title='bbox 1438 4501 1505 4549; x_wconf 91' lang='lat' dir='ltr'>seu</span> 
     </span>
    </p>
   </div>
   <div class='ocr_carea' id='block_1_7' title="bbox 281 4692 740 4763">
    <p class='ocr_par' dir='ltr' id='par_1_9' title="bbox 281 4692 740 4763">
     <span class='ocr_line' id='line_1_37' title="bbox 281 4692 740 4763; baseline 0.009 -18"><span class='ocrx_word' id='word_1_252' title='bbox 281 4705 304 4746; x_wconf 85' lang='lat'>1.</span> <span class='ocrx_word' id='word_1_253' title='bbox 324 4692 442 4763; x_wconf 73' lang='lat' dir='ltr'>Eutycl.</span> <span class='ocrx_word' id='word_1_254' title='bbox 456 4694 502 4748; x_wconf 80' lang='lat' dir='ltr'>cit.</span> <span class='ocrx_word' id='word_1_255' title='bbox 514 4696 550 4749; x_wconf 87' lang='lat'>26</span> <span class='ocrx_word' id='word_1_256' title='bbox 565 4695 650 4749; x_wconf 86' lang='lat' dir='ltr'>Mart.</span> <span class='ocrx_word' id='word_1_257' title='bbox 666 4694 740 4749; x_wconf 82' lang='lat'>1860.</span> 
     </span>
    </p>
   </div>
   <div class='ocr_carea' id='block_1_8' title="bbox 0 0 1755 5482">
    <p class='ocr_par' dir='ltr' id='par_1_10' title="bbox 0 0 1755 5482">
     <span class='ocr_line' id='line_1_38' title="bbox 0 0 1755 5482; baseline 0 0"><span class='ocrx_word' id='word_1_258' title='bbox 0 0 1755 5482; x_wconf 95' lang='lat' dir='ltr'> </span> 
     </span>
    </p>
   </div>
  </div>
 </body>
</html>
