3496 5482
665 517 787 568 capua
812 516 1085 569 puousctuuu.
1435 501 1502 571 281

244 699 408 754 atenero
421 678 550 751 frutice
569 678 616 751 ad
632 676 822 751 robustam
837 678 1008 751 arborem
1029 704 1187 776 eamque
1203 678 1427 754 fructiferam
1443 682 1506 756 de·

245 798 409 873 veniunt.
431 797 658 894 Progressus
670 814 795 871 autem
809 795 889 869 falsi
910 796 1071 870 nominis
1092 797 1215 892 potius
1230 817 1287 871 est
1302 798 1511 873 destructio

243 940 355 1016 quam
386 915 637 1000 conservatio,
666 915 716 988 ita
745 933 784 989 ut
818 940 916 989 nova
944 917 1115 1002 societas,
1149 941 1246 990 nova
1277 916 1434 991 civilitas
1465 918 1502 991 in

245 1037 366 1111 locum
384 1036 515 1132 prioris
534 1035 719 1120 succedat,
741 1035 1069 1132 quemadmodum,
1091 1037 1122 1110 si
1149 1036 1271 1134 salicis
1296 1031 1504 1113 eradicatae

246 1154 328 1229 loco
348 1153 578 1251 plantaretur
591 1178 761 1251 quereus.

299 1281 438 1378 Ecquis
470 1282 670 1356 sustineret
690 1281 736 1354 ad
765 1306 895 1356 verum
915 1307 1156 1380 progressum
1183 1280 1358 1355 socialem
1374 1280 1502 1355 in‘Eu·

246 1425 344 1497 ropa,
365 1398 661 1497 abrumpendum
677 1425 761 1474 esse
779 1424 863 1473 cum
883 1426 928 1475 ea
947 1399 1179 1473 institutione
1204 1425 1289 1496 quae
1306 1398 1504 1473 societates

245 1518 292 1591 ad
311 1519 455 1614 apicem
475 1517 721 1614 provexerit?
755 1517 958 1613 Quomodo
977 1517 1136 1592 societas
1166 1517 1238 1590 dici
1261 1534 1390 1613 posset
1422 1541 1504 1614 pro·

243 1637 360 1737 gredi,
380 1638 483 1735 quod
502 1655 558 1710 est
578 1662 731 1735 gressus
751 1636 872 1712 facere
891 1636 1088 1711 continuos
1107 1636 1154 1708 ad
1181 1635 1369 1732 fastigium
1390 1634 1504 1709 civili·

244 1757 341 1841 tatis,
362 1780 477 1853 quum
494 1756 594 1851 prius
617 1757 766 1853 penitus
784 1757 958 1830 desinere
970 1773 1006 1830 et
1026 1754 1203 1829 eradicari
1223 1753 1407 1828 deberet?

296 1884 369 1956 Ast
389 1908 496 1956 aures
517 1883 749 1979 praebeamus
769 1882 816 1956 ad
837 1884 977 1957 monita
998 1882 1199 1956 Pontificis.

298 2018 319 2048 “
335 2009 423 2104 Quo
438 2007 569 2081 melius
582 2009 629 2081 ab
646 2009 750 2083 initio
764 2034 831 2082 nos
847 2010 1005 2082 invicem
1026 2007 1287 2106 intelligamus,
1304 2006 1503 2081 dicendum

244 2144 324 2202 est:
353 2128 389 2201 id
409 2126 534 2201 solum
562 2145 687 2224 potest
701 2153 830 2202 verum
846 2128 1007 2202 hominis
1022 2153 1261 2226 progressum
1276 2127 1503 2202 constituere

246 2245 347 2342 quod
374 2245 421 2319 ad
453 2231 682 2319 intellectum
713 2270 911 2342 moresque
943 2245 1190 2343 perficiendos
1222 2245 1396 2319 conducit
1440 2262 1504 2318 aut

243 2363 375 2437 saltem
395 2363 482 2436 huic
496 2363 714 2459 perfectioni
727 2389 769 2437 se
783 2389 857 2437 non
877 2365 1045 2463 opponit.
1066 2364 1185 2460 Atqui
1201 2363 1237 2437 id
1250 2388 1371 2461 genus
1386 2360 1503 2460 publi·

244 2507 310 2555 cae
327 2480 516 2555 civilitatis
548 2506 614 2555 seu
647 2505 868 2580 progressus
888 2481 971 2555 fons
990 2480 1184 2556 fecundior
1200 2505 1312 2580 quam
1334 2479 1504 2554 Ecclesia

245 2625 318 2673 non
338 2616 451 2684 extat,
471 2599 528 2672 cui
544 2599 734 2672 hominem
753 2599 800 2673 ad
822 2600 1018 2673 veritatem
1039 2618 1253 2696 rectamque
1272 2598 1387 2672 vitam
1406 2623 1502 2672 sern-

244 2745 311 2817 per
329 2719 579 2816 promovendi
608 2720 735 2793 missio
754 2720 980 2794 demandata
1001 2719 1077 2795 fnit.

297 2844 606 2943 “Quodcumque
624 2845 723 2919 aliud
743 2871 964 2945 progressus
982 2863 1224 2944 genus,extra
1242 2845 1356 2920 hosce
1376 2846 1500 2920 termi-

246 2989 314 3037 nos
334 2963 507 3059 positum,
529 2989 660 3060 reapse
679 2963 777 3036 aliud
798 2990 872 3041 non
892 2983 949 3038 est
968 2990 1079 3061 quam
1100 2988 1302 3061 regressus,
1321 2989 1388 3037 nec
1409 2988 1500 3036 non·

244 3081 314 3153 nisi
347 3080 509 3153 hominis
541 3080 763 3180 dignitatem
795 3081 994 3156 detrahere
1024 3101 1149 3177 potest
1180 3099 1293 3179 atque
1330 3080 1430 3154 illum
1465 3080 1501 3155 in

243 3199 450 3273 barbariem
481 3200 716 3296 propellere;
745 3219 783 3275 et
814 3202 923 3275 huius
961 3201 1344 3300 pseudo-progressus
1382 3226 1503 3299 neque

246 3317 425 3404 Ecclesia,
453 3344 575 3415 neque
606 3319 816 3404 Pontifices,
837 3323 918 3396 sive
946 3340 986 3396 ut
1014 3321 1153 3396 Christi
1183 3321 1332 3406 Vicarii,
1353 3321 1434 3397 sive
1462 3341 1501 3397 ut

242 3436 370 3510 civiles
391 3436 593 3533 Principes,
609 3457 763 3534 possent
782 3458 845 3512 aut
858 3438 1007 3522 vellent,
1030 3464 1097 3536 pro
1126 3440 1289 3513 maximo
1308 3440 1498 3514 societatis

242 3553 427 3626 humanae
446 3552 555 3640 bon0,
577 3579 618 3627 se
637 3552 803 3628 fautores
822 3555 1010 3630 exhibere.

296 3688 316 3715 “
333 3677 525 3774 Quidquid
556 3703 646 3753 vero
677 3680 758 3754 sive
789 3681 976 3769 scientiae,
997 3683 1079 3756 sive
1110 3700 1219 3769 artes,
1240 3682 1321 3757 sive
1348 3683 1498 3757 demum

241 3795 403 3868 humana
432 3795 612 3869 industria
640 3822 778 3871 novum
802 3799 1017 3895 repererint,
1038 3818 1102 3872 aut
1131 3799 1308 3896 deinceps
1337 3801 1499 3897 reperire

242 3929 425 4008 poterunt,
442 3912 489 3985 ad
503 3912 601 3986 vitae
615 3913 810 3988 utilitatem
824 3935 861 3989 et
879 3917 1185 3991 commoditatem
1202 3915 1497 4014 provehendam;

241 4030 488 4127 —quidquid
509 4030 707 4104 honestum
727 4034 991 4107 commercium
1012 4054 1074 4107 aut
1102 4052 1179 4108 tum
1208 4033 1393 4132 publicam
1424 4035 1497 4108 Re·
1589 4063 1592 4070 ·

240 4172 409 4246 gnorum,
426 4167 502 4221 tum
530 4152 643 4223 etiam
664 4151 846 4248 privatam
874 4151 1010 4225 civium
1038 4151 1265 4249 opulentiam
1285 4152 1496 4250 augendam

242 4269 352 4354 iuvat,
374 4269 623 4366 —quidquid
643 4296 717 4345 non
737 4296 881 4344 morum
902 4270 1059 4356 licentia,
1081 4271 1148 4345 sed
1177 4296 1265 4345 vera
1292 4288 1405 4368 atque
1432 4271 1496 4344 ho-

241 4386 340 4458 mine
372 4385 486 4483 digna
518 4386 668 4461 libertas
698 4406 764 4474 est,
786 4433 836 4444 —-
858 4388 894 4461 id
928 4407 1046 4461 totum
1081 4386 1252 4461 Ecclesia
1280 4406 1495 4485 pergratum

241 4502 363 4586 habet,
384 4522 496 4599 atque
516 4503 604 4577 illud
624 4505 659 4576 in
680 4505 778 4579 civili
802 4505 1024 4580 Pontificum
1047 4505 1259 4605 Principatu
1279 4529 1363 4578 sese
1380 4504 1496 4605 expli·

240 4644 325 4695 care
343 4619 551 4720 largissime
570 4638 704 4719 potest.
