3496 5482
627 556 751 606 cneur
778 555 971 620 Qumruru.
1383 552 1431 625 97

125 786 132 800 N
168 708 373 786 Catholicae
387 713 579 788 Romanae
604 714 690 800 Hic,
700 732 740 787 ut
761 714 931 788 Ecclesia
950 740 1017 787 sua
1031 715 1296 789 solidissimum
1316 711 1430 789 civili-

167 830 253 904 tatis
278 849 316 907 et
329 833 485 930 justitiae
510 832 830 933 propugnaculum
856 854 985 909 contra
1016 861 1273 932 quoscumque
1300 834 1428 909 hostes

166 946 282 1036 lieret,
315 951 567 1049 Principatum
599 952 744 1028 civilem
781 954 993 1027 Romanum
1025 954 1161 1051 adjecit
1197 953 1430 1051 proindeque

170 1067 329 1141 Romam
349 1069 397 1143 ad
417 1095 548 1144 verum
568 1070 711 1167 apicem
731 1069 860 1169 gloriae
880 1071 936 1144 cui
957 1071 1223 1168 praedestinata
1241 1088 1331 1157 erat,
1346 1096 1428 1170 pro·

166 1185 279 1261 vexit.
301 1186 403 1260 Hinc
422 1187 520 1262 facta
537 1205 595 1263 est
614 1188 829 1285 conjunctio
848 1188 1036 1263 cathedrae
1059 1176 1157 1264 Petri
1173 1188 1430 1286 Ecclesiaeque

167 1303 387 1380 universalis
400 1306 539 1382 Christi
555 1333 637 1380 cum
661 1307 783 1380 Roma
805 1307 969 1404 antiqua.
987 1308 1090 1382 Hinc
1109 1306 1230 1381 Sedes
1258 1307 1429 1381 Romana

167 1422 322 1520 ejusque
370 1424 603 1523 Principatus
639 1443 807 1498 centrum
840 1424 881 1498 fit
918 1424 1006 1498 novi
1038 1450 1159 1499 rerum
1195 1424 1427 1522 politicarum

166 1540 317 1614 ordinis.
346 1542 448 1615 Hinc
476 1568 626 1641 quoque
649 1542 770 1617 Sedes
802 1542 901 1616 Petri
925 1542 1082 1640 ejusque
1116 1543 1367 1640 Principatum
1390 1562 1428 1619 et

166 1676 333 1734 centrum
353 1660 394 1735 fit
422 1662 480 1736 cui
507 1663 782 1737 contradicetur
800 1662 867 1736 sed
896 1680 1026 1737 contra
1053 1662 1155 1759 quod
1184 1681 1302 1760 portae
1322 1662 1428 1739 inseri

166 1778 423 1877 praevalebunt
442 1807 631 1880 nunquam
647 1781 701 1880 (¹).

219 1915 270 1978 15.
293 1900 368 1976 Fas
386 1920 444 1977 est
462 1903 610 1978 dicere:
649 1902 762 1997 Quod
794 1901 881 1977 olim
902 1901 970 1976 luit
994 1901 1173 1976 israelitis
1194 1928 1300 1976 mons
1320 1902 1424 1989 Sion,

166 2019 238 2093 hoc
257 2019 355 2095 idem
376 2021 493 2108 nobis
514 2020 747 2109 Christianis
770 2047 878 2095 mons
898 2021 1102 2095 Vaticanus
1121 2020 1168 2094 sit
1187 2040 1347 2116 oportet.

220 2151 240 2180 “
259 2142 296 2215 A
314 2123 425 2241 plaga
444 2142 613 2217 orientali
639 2167 758 2240 usque
789 2143 836 2215 ad
857 2141 1007 2241 plagam
1037 2142 1159 2229 maris,
1191 2143 1316 2217 eterit
1343 2168 1426 2216 san-

166 2262 345 2335 ctuarium
366 2263 402 2336 in
421 2262 545 2337 medio
564 2265 645 2362 ejus
664 2262 719 2364 (²).
735 2264 753 2293 ''

219 2379 308 2453 “Et
340 2381 409 2454 erit
438 2381 474 2452 in
508 2382 721 2455 novissimis
743 2383 876 2456 diebus
908 2399 1137 2478 praeparatus
1166 2408 1273 2456 mons
1292 2382 1426 2457 domus

169 2499 323 2573 Domini
351 2498 387 2573 in
416 2500 556 2575 vertice
572 2501 755 2575 montium
773 2530 780 2587 ;
799 2520 836 2575 et
863 2500 1071 2575 elevabitur
1098 2527 1210 2599 super
1236 2499 1363 2586 colles,
1388 2521 1425 2577 et

163 2618 284 2695 -fluent
297 2619 344 2692 ad
359 2643 444 2692 eum
463 2645 595 2695 omnes
615 2619 823 2718 gentesEt
838 2620 944 2693 ibunt
956 2619 1083 2718 populi
1096 2619 1210 2707 multi,
1223 2639 1261 2695 et
1275 2621 1399 2698 dicent
1418 2650 1426 2697 :

165 2738 302 2813 Venite
328 2756 366 2812 et
393 2742 639 2815 ascendamus
671 2740 718 2814 ad
747 2758 912 2814 montem
946 2741 1110 2828 Domini,
1138 2760 1176 2816 et
1200 2742 1247 2815 ad
1273 2743 1427 2817 domum

168 2856 241 2930 Dei
269 2855 403 2953 Jacob„
426 2877 465 2932 et
491 2858 641 2933 docebit
674 2884 741 2932 nos
772 2860 853 2932 vias
877 2884 974 2945 suas,
1015 2876 1052 2933 et
1082 2858 1356 2933 ambulabimus
1389 2862 1426 2935 in
1533 2943 1535 2948 ¹

164 2975 305 3048 semitis
325 2978 416 3074 ejus,
438 2977 524 3074 quia
557 2978 605 3051 de
624 2978 717 3051 Sion
737 2978 854 3050 exibit
873 2977 931 3051 lex
951 2996 989 3052 et
1012 2979 1168 3051 verbum
1200 2979 1355 3053 Domini
1378 2981 1426 3054 de

163 3094 381 3193 Jerusalem.
414 3097 466 3171 Et
488 3098 672 3196 judicabit
698 3114 835 3196 gentes
862 3116 900 3171 et
926 3116 1059 3196 arguet
1086 3096 1244 3195 populos
1277 3099 1423 3174 multos

168 3218 314 3293 Domus
332 3216 461 3314 Jacob.
478 3217 614 3303 venite,
634 3235 672 3290 et
691 3215 923 3290 ambulemus
943 3218 979 3289 in
1000 3216 1139 3291 lumine
1166 3218 1321 3292 Domini
1336 3216 1391 3318 (³).
1407 3217 1424 3244 ''

217 3348 237 3377 ‘⁸
254 3338 305 3412 Et
319 3338 450 3412 dicetis
463 3337 500 3411 in
512 3338 573 3411 die
586 3336 663 3411 illa:
677 3338 916 3412 Confitemini
932 3339 1114 3412 Domino!
1132 3339 1255 3413 Notas
1268 3339 1376 3415 lacite
1389 3342 1426 3414 in

165 3454 313 3553 populis
324 3454 611 3529 adinventiones
622 3455 902 3553 Ejuleantate
915 3457 1270 3553 Domino‚quoniam
1284 3459 1427 3557 magni·

165 3571 234 3646 fiee
248 3572 347 3660 lecit;
360 3575 578 3647 annuntiate
597 3573 668 3646 hoc
687 3573 724 3645 in
744 3573 917 3647 universa
933 3575 1049 3648 terra!
1072 3574 1232 3649 Exsulta
1249 3593 1285 3650 et
1302 3575 1422 3661 lauda,

166 3688 347 3764 habitatio
366 3690 468 3777 Sion,
486 3692 573 3788 quia
592 3716 751 3789 magnus
766 3692 802 3764 in
819 3693 942 3765 medio
962 3693 1024 3778 tui,
1040 3692 1202 3766 Sanctus
1222 3693 1335 3767 lsra‘e'l
1348 3692 1425 3791 (⁴).”

218 3819 236 3846 “
258 3807 361 3882 Urbs
380 3808 606 3883 fortitudinis
627 3828 763 3883 nostrae
792 3810 885 3884 Sion
916 3809 1102 3896 Salvat0r;
1122 3829 1282 3907 ponetur
1313 3812 1349 3884 in
1381 3839 1426 3886 ea

166 3954 294 4002 murus
308 3947 346 4003 et
364 3927 595 4002 antemurale
611 3927 666 4028 (⁵).
689 3929 706 3954 ''

218 4060 238 4088 ‘⁸
264 4049 530 4148 Magnificatus
561 4068 619 4125 est
652 4051 863 4125 Dominus:
893 4050 1062 4148 implevit
1093 4051 1186 4125 Sion
1211 4051 1354 4152 judicio
1389 4074 1426 4130 et

159 4170 304 4269 justitia
322 4168 376 4270 (⁶).
395 4170 414 4198 ’'

203 4337 224 4377 1.
240 4322 392 4391 Pallottini,
420 4325 614 4380 Sacerdotium
627 4334 654 4380 el
666 4328 832 4398 Imperium,
847 4330 867 4396 Ι,
881 4346 941 4398 cap.
957 4342 966 4382 1
990 4347 1014 4383 a.
1025 4341 1069 4383 111.

200 4418 223 4458 2.
239 4402 381 4471 Ezeck.,c.
395 4404 494 4473 ultim,
504 4406 529 4459 8.

200 4500 224 4553 3.
238 4486 285 4552 ln,
300 4497 332 4552 11,
343 4499 396 4554 2-5.

199 4579 224 4631 4.
234 4564 315 4632 Ibtd,
329 4565 449 4633 x11‚4·6.

202 4656 225 4712 5.
238 4644 318 4712 Ibat,
331 4657 418 4713 xxvi,
435 4661 456 4701 r.

199 4724 223 4779 6.
237 4724 316 4792 lad,
331 4737 407 4794 xxx¹
423 4740 445 4795 5.

213 4843 274 4896 Papa
287 4845 314 4887 sit
327 4857 365 4887 rex
379 4845 463 4889 Roma.
