3496 5482
580 533 702 585 carot
731 533 978 586 unoucntuu.
1339 530 1410 604 257

203 698 318 797 Ergo,
340 699 370 772 si
391 725 449 773 res
475 700 511 772 in
539 715 714 775 concreto
736 715 935 795 spectetur,
959 697 990 771 si
1015 695 1198 773 habeatur
1216 697 1309 771 ratio
1329 722 1406 772 mo·

150 844 242 905 rum,
262 819 397 916 quibus
416 819 494 918 regi
513 818 635 894 solent
653 819 827 892 humanae
853 817 1062 902 societates,
1093 814 1266 889 affirmari
1293 841 1406 916 gene·

150 937 256 1011 ratim
276 954 410 1033 potest,
438 939 539 1036 quod
559 936 748 1013 moraliter
774 935 1003 1034 impossibile
1021 936 1078 1024 sit,
1104 934 1279 1032 sepositis
1298 935 1406 1010 mira·

147 1054 248 1141 culis,
273 1057 445 1130 Romano
468 1055 638 1130 Pontifici
666 1081 770 1129 suam
790 1080 966 1129 exercere
988 1054 1262 1128 immunitatem
1281 1054 1311 1127 si
1333 1078 1406 1130 non

148 1174 195 1249 sit
210 1175 303 1250 Rex.
323 1176 423 1249 Nam
439 1176 502 1274 qui
515 1202 579 1252 rex
595 1202 667 1252 non
683 1193 751 1263 est,
768 1193 825 1250 est
837 1176 1018 1263 subditus,
1033 1175 1063 1249 si
1080 1199 1153 1249 non
1163 1176 1258 1273 jure,
1272 1174 1404 1249 saltem

147 1291 256 1368 lacto.
281 1294 438 1391 Insuper
458 1320 532 1368 non
550 1313 652 1369 certa
671 1295 765 1368 soret
785 1294 886 1369 omni
903 1293 1083 1368 Ecclesiae
1103 1317 1225 1391 neque
1243 1310 1301 1367 sat
1320 1294 1405 1367 visi·

147 1409 230 1485 bilis
249 1409 401 1486 libertas
419 1413 636 1488 omnimoda
656 1411 847 1487 Pontificis
867 1413 902 1485 in
921 1413 1100 1488 exercitio
1127 1411 1182 1485 sui
1209 1411 1404 1486 Primatus.

201 1539 221 1569 “
241 1530 429 1605 Omnibus
449 1532 548 1606 enim
567 1548 801 1627 compertum
829 1547 896 1616 est,
927 1530 1046 1628 inquit
1076 1530 1163 1603 Pius
1186 1529 1254 1617 IX,
1276 1528 1406 1606 fideles

146 1646 315 1745 populos,
335 1667 479 1749 gentes,
501 1674 617 1748 regna
637 1673 827 1746 nunquam
846 1647 996 1746 plenam
1015 1647 1188 1722 fiduciam
1214 1665 1251 1723 et
1278 1648 1404 1724 obser·

146 1768 310 1841 vantiam
331 1793 414 1842 esse
433 1767 642 1864 praestitura
664 1768 837 1841 Romano
867 1765 1048 1852 Pontifici,
1070 1767 1100 1839 si
1128 1765 1229 1839 illum
1248 1765 1404 1865 alicujus

149 1886 330 1984 Principis
361 1886 420 1962 vel
452 1888 624 1985 gubernii
656 1887 865 1985 subjectum
886 1912 928 1960 ac
956 1885 1109 1961 minime
1135 1883 1291 1961 liberum
1320 1910 1403 1960 esse

145 2005 413 2101 conspicerent.
437 2005 478 2079 Si
498 2004 649 2103 quidem
669 2003 799 2079 fideles
821 2002 948 2101 populi
967 2021 1005 2079 et
1024 2027 1141 2102 regna
1159 2002 1404 2080 vehementer

145 2123 335 2219 suspicari,
354 2149 397 2197 ac
416 2123 536 2197 vereri
565 2148 767 2220 numquam
795 2122 1020 2207 desinerent,
1043 2146 1089 2194 ne
1111 2121 1285 2195 Pontifex
1305 2121 1404 2196 idem

145 2268 212 2316 sua
242 2262 325 2317 acta
356 2244 404 2317 ad
436 2242 532 2316 illius
567 2243 758 2339 Principis,
782 2242 841 2317 vel
869 2242 1051 2341 gubernii,
1074 2242 1110 2316 in
1129 2243 1235 2340 cujus
1261 2242 1404 2317 ditione
1477 2288 1480 2294 ,

146 2382 366 2450 versaretur,
388 2362 618 2437 voluntatem
638 2362 897 2449 conformaret,
918 2381 1031 2461 atque
1051 2362 1187 2437 idcirco
1213 2363 1305 2437 actis
1334 2360 1403 2436 illis

147 2480 216 2554 hoc
237 2500 421 2578 praetextu
441 2508 542 2579 saepe
562 2481 737 2579 refragari
758 2505 831 2554 non
851 2480 1065 2555 dubitarent
1084 2477 1139 2580 (¹)
1160 2479 1178 2508 '’

199 2600 304 2698 Ergo
320 2600 499 2697 perfectio
514 2600 600 2674 vitae
615 2598 761 2673 socialis
777 2597 957 2673 Ecclesiae
971 2597 1135 2696 postulat
1152 2597 1403 2697 Principatum

145 2716 291 2793 civilem
315 2719 476 2791 Romani
499 2716 690 2791 Pontificis
710 2714 762 2816 (²).

195 2849 229 2909 7.
249 2836 394 2910 Auctor
424 2835 592 2932 opusculi
613 2845 633 2874 ⁴¹
652 2835 696 2907 ll
710 2834 880 2908 moderno
903 2833 1055 2908 dz'ssidzir
1080 2843 1143 2909 tra
1171 2836 1208 2908 la
1238 2835 1406 2911 Chz'esae

147 2954 294 3026 lllalt'a
313 2954 330 2980 ’'
349 2979 436 3027 suas
469 2953 554 3027 lacit
573 2953 805 3050 objectiones
833 2951 1027 3050 quasdam,
1046 2950 1187 3027 altioris
1206 2953 1347 3028 ordinis
1366 2971 1405 3029 et

145 3097 229 3168 quae
259 3072 295 3144 in
322 3096 387 3167 ore
419 3071 618 3146 multorum
638 3069 905 3144 catholicorum
925 3087 1130 3144 versantur.
1164 3071 1321 3148 Praestat
1339 3097 1403 3148 eas

146 3190 274 3263 audire
293 3207 330 3263 et
350 3188 520 3264 refutare.
893 3279 895 3282 y

198 3309 310 3404 Quod
325 3308 372 3381 ad
386 3309 607 3406 principium
621 3309 766 3395 attinet,
783 3309 1017 3407 recognoscit
1032 3308 1176 3384 Auctor
1194 3310 1403 3387 doctrinam

149 3429 403 3530 Romanorum
427 3427 648 3500 Pontificum
668 3445 705 3500 et
727 3425 1000 3523 Episcoporum
1019 3428 1186 3502 omnium
1205 3429 1253 3503 de
1274 3455 1404 3506 neces·

145 3545 256 3619 sitate
278 3544 445 3618 Dominii
465 3543 679 3641 temporalis
693 3545 731 3618 S.
750 3544 870 3630 Sedis
879 3545 920 3618 in
929 3547 1247 3642 praesenlz'ordine
1258 3574 1406 3632 rerum

146 3663 212 3736 sed
232 3664 300 3736 tria
319 3663 493 3759 proponit
511 3663 668 3761 quaesita
686 3678 762 3748 seu,
784 3661 915 3736 melius
934 3680 973 3736 ut
988 3664 1120 3750 dicam,
1137 3667 1400 3744 restrictiones.

196 3778 253 3881 (ι)
275 3794 295 3820 ··
316 3781 417 3876 Quid
436 3784 467 3856 si
490 3782 596 3856 Deus
616 3780 730 3857 nollet
752 3779 960 3856 Ecclesiam
973 3781 1042 3856 hac
1053 3782 1224 3859 libertate
1238 3786 1403 3885 gaudere

146 3925 212 3996 per
230 3910 311 3985 octo,
333 3926 399 3996 per
416 3902 605 3998 octoginta,
627 3899 685 3975 vel
706 3926 772 3997 per
789 3903 1006 3997 octingentos
1024 3902 1173 3976 annos?
1192 3903 1209 3929 ”

197 4015 253 4116 (2)
275 4029 295 4058 ⁴⁴
316 4017 418 4112 Quid
437 4019 467 4092 si
490 4020 605 4093 verba
623 4018 850 4093 definitionis
879 4037 1034 4116 possent
1057 4018 1212 4120 intelligi
1231 4021 1279 4095 de
1300 4022 1405 4097 Prin·

146 4137 269 4233 cipatu
282 4136 391 4222 civili,
413 4162 487 4210 non
503 4162 549 4211 eo
569 4137 681 4211 modo
700 4137 904 4212 constituto
924 4156 963 4213 ut
981 4157 1070 4224 erat,
1091 4140 1242 4237 quando
1259 4140 1405 4217 ablatus

147 4253 224 4340 suit,
246 4255 312 4328 sed
331 4253 403 4327 alio
423 4255 545 4342 modo,
567 4280 680 4353 quem
703 4255 807 4329 Deus
826 4281 976 4331 servare
994 4273 1124 4355 posset
1150 4257 1187 4331 in
1214 4258 1292 4333 suis
1318 4284 1404 4335 con·

147 4373 237 4446 siliis
260 4373 311 4448 ?'’

188 4628 208 4665 1.
230 4613 318 4667 Alloc.
334 4628 368 4666 ιο
382 4615 470 4684 April.
489 4615 563 4680 ¹849·

185 4707 207 4745 2.
231 4692 372 4761 Palmieri,
388 4695 439 4761 Op.
453 4696 509 4758 cit,
522 4711 587 4763 pag.
604 4706 728 4763 §or-505.

201 4813 259 4862 Papa
272 4811 300 4853 nit
312 4826 351 4852 rex
364 4813 449 4854 Roma
