3496 5482
193 534 485 543 -.-——.———.
492 531 790 540 ---..-.--—.--.-—-
798 531 934 537 --—-.

642 593 764 645 carun
790 592 990 657 Quantun.
1034 627 1036 632 .
1399 588 1442 660 75

190 701 233 707 —·
285 702 352 706 ---
430 702 490 707 .-.-
568 700 753 707 -—-——
765 700 917 707 -—-——-
991 700 1071 705 —--
1083 700 1086 705 .
1105 700 1108 705 .
1120 700 1206 705 ...——-·
1218 697 1375 704 .—..—-—
1387 697 1393 701 .

188 755 367 830 influxum
391 758 437 831 R.
459 758 681 833 Pontificum
702 756 845 832 sortiter
859 775 897 831 et
911 757 1077 832 suaviter
1089 756 1262 854 provexit
1276 756 1324 830 ad
1342 755 1445 831 Prin·

162 941 166 948 .
187 872 332 972 cipatus
351 876 469 951 civilis
483 878 650 976 regimen
671 878 886 975 perlectum.

242 1003 310 1078 Uti
329 1004 491 1079 diximus
510 1024 679 1103 tempore
699 1004 936 1080 Constantini
969 1005 1152 1090 conversi,
1187 1005 1332 1079 reddita
1354 1030 1446 1103 pace

191 1119 381 1205 Ecclesiae.
402 1125 500 1197 bona
520 1123 579 1197 illa
600 1106 802 1203 immobilia
817 1123 1019 1196 admodum
1039 1141 1147 1196 aucta
1174 1142 1271 1209 sunt,
1292 1148 1445 1220 praeser-

189 1239 255 1313 tim
287 1241 482 1315 occasione
514 1242 779 1327 conversionis,
815 1239 875 1315 vel
905 1240 1082 1315 clericalis
1109 1240 1363 1328 ordinationis
1387 1240 1445 1315 vel

189 1357 433 1455 professionis
453 1358 636 1458 religiosae
661 1361 907 1456 quorumdam
942 1360 1176 1456 praedivitum
1204 1377 1241 1432 et
1260 1359 1372 1433 etiam
1398 1384 1444 1432 ex

188 1473 439 1550 oblationibus
469 1477 657 1551 continuis
686 1476 866 1551 fidelium.
894 1477 971 1551 Sed
1001 1496 1040 1551 ut
1073 1498 1172 1551 recte
1204 1478 1446 1573 perspiciatur

189 1619 348 1693 magnus
368 1595 529 1668 influxus
547 1597 610 1693 qui
630 1623 677 1669 ex
699 1596 777 1668 istis
797 1596 905 1669 bonis
925 1595 964 1669 S.
984 1595 1074 1670 Sedi
1087 1596 1253 1681 obvenit,
1271 1621 1346 1690 prae
1359 1619 1444 1667 ocu·

188 1710 232 1784 lis
252 1712 464 1786 habendum
485 1732 542 1787 est
562 1714 591 1786 si
613 1741 646 1786 v.
666 1739 702 1811 g.
725 1731 893 1809 tempore
913 1712 951 1786 S.
974 1713 1147 1811 Gregorii
1170 1713 1312 1809 Magni,
1346 1706 1445 1784 anno

189 1836 273 1914 600,
304 1829 474 1904 Ecclesia
506 1832 677 1904 Romana
710 1831 932 1927 patrimonia
963 1832 1034 1904 sita
1059 1821 1276 1905 habebatin
1306 1829 1442 1915 Africa,

190 1944 322 2032 Gallia,
348 1946 483 2034 Sicilia,
516 1947 680 2033 Corsica,
715 1947 913 2034 Dalmatia,
948 1966 986 2022 et
1018 1949 1223 2045 praesertim
1255 1946 1292 2019 in
1329 1944 1445 2020 ltaliae

189 2064 440 2138 meridionalis
469 2065 670 2161 provinciis
700 2065 927 2162 Campaniae,
961 2065 1143 2138 Calabriae
1174 2084 1211 2139 et
1234 2063 1442 2148 Lucaoniae,

189 2207 335 2255 necnon
360 2182 525 2256 initalia
554 2181 844 2278 septentrionali,
867 2183 927 2256 ubi
948 2182 1067 2279 Alpes
1094 2182 1230 2257 Cottiae
1259 2182 1306 2254 ad
1334 2181 1444 2278 patri·

190 2300 355 2373 monium
372 2299 453 2399 ejus
473 2300 720 2397 pertinebant.
741 2301 821 2373 Prae
832 2300 949 2374 oculis
964 2299 1178 2374 habendum
1197 2319 1264 2386 est,
1282 2299 1444 2397 proprie-

188 2437 285 2495 tates
299 2421 632 2519 possessionesque
645 2421 857 2520 hujusmodi
872 2447 944 2494 non
958 2421 1127 2495 affecisse
1140 2418 1443 2494 merumlundum

189 2556 380 2624 terrarum,
410 2539 477 2613 sed
509 2557 547 2614 et
577 2539 686 2612 simul
718 2537 892 2613 ruricolas
924 2539 1150 2624 earumdem,
1183 2555 1292 2637 prout
1315 2538 1378 2635 jus
1407 2554 1445 2610 et

189 2682 270 2730 mos
290 2675 499 2753 temporum
531 2657 778 2753 patiebantur.
824 2657 949 2731 Nemo
981 2657 1081 2730 enim
1105 2656 1222 2731 nescit
1250 2653 1444 2755 agricolas,

188 2776 378 2860 vinitores,
399 2776 645 2849 conductores
665 2802 850 2874 agrorum,
872 2794 1052 2873 pastores,
1074 2776 1231 2849 rusticos
1246 2799 1341 2871 pene
1366 2771 1445 2846 uni·

189 2920 319 2969 versos
337 2893 482 2969 servilis
515 2894 627 2970 luisse
659 2897 896 2982 conditionis,
930 2896 977 2968 ad
996 2893 1116 2969 solum
1136 2894 1241 2992 quasi
1261 2891 1443 2989 alligatos

188 3013 363 3111 agrisque
381 3010 547 3087 colendis
568 3013 647 3110 ipsa
668 3013 864 3088 nativitate
884 3015 1126 3111 mancipatos.

240 3143 320 3216 Eos
334 3141 447 3241 igitur
463 3167 575 3241 agros
594 3144 737 3238 accepit
754 3142 924 3217 Ecclesia
938 3169 1022 3216 cum
1042 3141 1184 3216 colonis
1202 3141 1289 3225 suis,
1311 3156 1443 3213 etcum

188 3262 225 3336 in
245 3262 289 3335 iis
308 3262 483 3361 regendis
515 3262 574 3357 pia
605 3262 730 3336 Mater
754 3261 889 3336 servile
903 3263 1038 3361 jugum
1068 3261 1201 3333 mirum
1227 3261 1261 3332 in
1292 3259 1443 3332 modum

187 3379 328 3466 lenivit,
347 3382 520 3478 quamvis
551 3382 588 3455 hi
617 3381 837 3480 plerumque
870 3409 967 3456 nexu
987 3381 1178 3457 servitutis
1199 3381 1445 3454 retinerentur

188 3498 375 3574 territorio
392 3498 568 3586 devincti,
590 3500 625 3574 in
646 3527 712 3575 eos
737 3519 863 3574 tamen
894 3501 1026 3573 mirum
1060 3499 1239 3572 influxum
1267 3497 1442 3571 exercuit.

239 3624 401 3698 Proinde
420 3651 466 3698 ex
487 3624 623 3699 talibus
643 3626 945 3722 possessionibus
964 3627 1001 3699 in
1016 3626 1097 3700 dies
1117 3651 1191 3699 non
1220 3624 1443 3699 mediocrem

187 3742 445 3817 auctoritatem
465 3742 501 3816 in
521 3744 679 3841 populos
705 3744 918 3818 dimanasse
943 3745 992 3818 ob
1022 3742 1238 3817 difficillima
1269 3743 1445 3841 adjuncta

189 3878 399 3957 temporum
420 3858 542 3933 nullus
561 3881 618 3936 est
638 3863 701 3957 qui
723 3888 797 3935 non
817 3862 930 3936 videt.

238 3985 397 4059 Accedit
412 3987 562 4084 insuper
580 4004 619 4059 ut
629 3988 708 4085 jam
724 4013 746 4059 a
764 3986 901 4061 saeculo
913 4004 1045 4086 quarto
1063 3988 1256 4060 Romanus
1272 3984 1444 4060 Pontifex

187 4120 225 4178 et
246 4103 425 4202 Episcopi
445 4128 650 4202 permagna
670 4124 857 4203 potestate
877 4106 914 4179 in
931 4132 989 4180 res
1004 4104 1132 4179 civiles
1146 4106 1244 4178 aucti
1259 4103 1445 4179 essentab

188 4220 280 4319 ipsis
293 4221 579 4319 imperatoribus
595 4223 848 4298 :verumenim
861 4224 995 4297 summi
1004 4222 1151 4321 judices
1164 4242 1200 4297 et
1212 4221 1443 4295 administra·

186 4355 286 4414 tores
298 4338 490 4412 civitatum
504 4365 545 4412 ac
560 4340 835 4436 provinciarum
852 4340 951 4414 haud
965 4366 1047 4414 raro
1062 4340 1397 4414 constituebantur.

241 4466 377 4538 Postea
391 4488 481 4537 vero
493 4489 606 4560 quum
619 4466 756 4540 saeculo
768 4466 900 4564 quinto
912 4468 1041 4564 primae
1062 4466 1302 4539 barbarorum
1328 4484 1442 4539 cater-

190 4612 246 4660 vae
285 4582 378 4657 Urbi
416 4583 662 4669 imminerent,
701 4586 736 4659 in
774 4613 921 4662 summo
958 4585 1120 4683 periculo
1164 4585 1241 4659 suis
1276 4584 1442 4659 subsidio

188 4703 385 4781 adsuerunt
402 4705 610 4800 praesertim
632 4706 792 4780 Romani
815 4706 1025 4781 Pontifices.
