3496 5482
672 500 794 552 cneus
824 500 1070 552 uunncnnuu.
1430 491 1500 576 2623

244 661 423 737 instinctu
442 660 647 736 divinitatis
669 660 828 734 Romam
849 658 1071 758 reliquisset,
1092 679 1130 737 et
1154 660 1240 736 alibi
1271 664 1401 739 sedem
1437 665 1502 739 im·

193 773 194 776 ¹
244 781 338 878 perii
358 781 474 880 figere
491 797 666 855 curasset.

299 899 336 974 Is
356 900 456 974 enim
477 899 677 995 imperator
695 897 731 971 in
746 924 791 972 ea
804 897 927 973 extitit
944 898 1308 998 persuasionequod
1322 902 1502 978 extrinse-

243 1046 328 1095 cum
384 1019 699 1116 intrinsecumque
739 1019 882 1115 apicem
915 1043 1136 1117 progressus
1168 1019 1326 1116 politicae
1359 1022 1502 1096 institu-

244 1138 367 1225 tionis,
388 1162 499 1235 quem
525 1135 715 1233 Principes
734 1135 871 1209 ethnici
886 1135 1036 1234 assequi
1068 1161 1141 1211 non
1164 1155 1375 1235 potuerunt,
1396 1139 1501 1215 Chri-

242 1259 386 1333 stianus
395 1257 572 1354 Princeps
587 1253 647 1330 ille
661 1255 816 1355 ejusque
834 1279 1069 1332 successores
1094 1257 1355 1348 obtinuissent,
1365 1261 1502 1335 Rorna-

245 1376 281 1450 ni
295 1401 434 1472 nempe
456 1372 666 1449 Pontifices.

296 1495 406 1567 Tunc
427 1494 549 1567 Roma
573 1492 610 1566 in
636 1493 827 1590 exemplar
844 1492 1156 1590 perfectissimum
1175 1512 1340 1572 exstaret
1367 1498 1502 1571 summi

246 1613 459 1689 Sacerdotis
478 1639 520 1687 ac
538 1612 699 1710 supremi
722 1613 839 1712 Regis
848 1612 1004 1712 justitiae
1023 1629 1060 1688 et
1079 1614 1182 1712 pacis
1196 1631 1372 1712 tanquam
1392 1615 1446 1691 sol
1466 1617 1503 1691 in

245 1735 369 1811 medio
388 1733 577 1809 stellarum
604 1732 763 1832 fulgeret
781 1730 835 1832 (¹)
857 1732 876 1761 '⁸

299 1855 457 1952 Insuper
496 1879 563 1950 per
593 1877 735 1927 sacram
770 1853 809 1925 B.
835 1852 934 1926 Petri
970 1851 1196 1939 cathedram,
1228 1870 1267 1928 ut
1299 1852 1503 1952 loquuntur

246 1972 441 2073 Eugenius
463 1974 518 2047 IV
549 1991 587 2048 et
615 1973 810 2048 concilium
849 1971 1120 2060 Florentinum,
1149 1983 1170 2011 “
1194 1972 1290 2048 lacta
1325 1993 1383 2051 est
1404 1973 1503 2049 Reli·

245 2094 369 2194 gionis
388 2094 519 2181 Sedes,
537 2094 660 2192 Caput
674 2111 711 2168 et
728 2095 852 2167 Mater
865 2091 922 2192 (²).
943 2091 962 2122 '’

298 2213 471 2289 Tandem
495 2211 815 2311 providentialiter
833 2230 871 2287 et
899 2237 973 2286 non
993 2208 1109 2286 semel
1141 2211 1208 2285 sed
1242 2210 1431 2289 multoties
1466 2214 1503 2288 in

248 2332 405 2406 decursu
424 2331 644 2406 saeculorum
676 2330 743 2405 luit
765 2331 887 2404 Roma
905 2331 953 2405 ab
969 2329 1119 2405 interitu
1138 2348 1375 2426 praeservata,
1397 2332 1504 2410 unice

245 2476 361 2547 opera
375 2469 413 2527 et
441 2451 580 2525 influxu
601 2450 841 2524 Summorum
863 2449 1085 2525 Pontificum
1110 2472 1271 2525 suorum.

296 2569 336 2645 Si
352 2595 411 2645 res
429 2568 563 2644 clamat
580 2569 743 2657 domino,
763 2569 793 2643 si
808 2569 904 2644 filius
922 2587 981 2645 est
1008 2569 1133 2666 patris,
1161 2568 1283 2643 Roma
1312 2570 1350 2645 in
1379 2571 1504 2669 specie

245 2713 351 2762 sacro
369 2707 408 2763 et
427 2687 670 2762 indissolubili
693 2713 789 2761 nexu
804 2713 888 2762 cum
907 2688 1057 2762 Vicario
1077 2685 1216 2761 Christi
1244 2705 1301 2763 est
1320 2687 1444 2789 ligata,
1467 2690 1503 2765 in

244 2806 325 2904 ejus
346 2806 526 2881 Dominio
544 2807 723 2880 divinitus
741 2806 872 2904 posita,
880 2805 1070 2903 pontificio
1082 2803 1294 2880 charactere
1314 2806 1503 2907 insignita;

243 2922 306 2998 tali
326 2925 438 2999 modo
458 2943 497 2999 ut
517 2924 574 2999 vel
594 2949 725 2999 omnes
744 2925 825 3023 ejus
840 2924 982 3022 lapides
1001 2923 1162 3022 vestigia
1185 2944 1318 3023 gerant
1337 2944 1502 3022 paternae

247 3045 467 3121 Pontificum
502 3044 759 3120 sollicitudinis
791 3044 916 3142 potius
945 3070 1056 3143 quam
1089 3043 1364 3131 dominationis,
1388 3064 1426 3121 et
1453 3048 1500 3122 ad

246 3162 385 3259 Papam
411 3189 560 3261 semper
577 3163 777 3238 clamitent.
796 3173 816 3202 ‘⁴
840 3163 955 3236 Haud
975 3162 1282 3259 operaepretium
1311 3164 1500 3239 existima·

244 3307 335 3367 mus,
358 3281 477 3379 inquit
498 3283 577 3356 Leo
591 3282 647 3355 Xl
659 3284 671 3355 l
682 3283 709 3367 l,
720 3281 881 3354 maxima
896 3280 1077 3356 beneficia
1091 3298 1128 3355 et
1147 3281 1335 3377 praeclara
1350 3282 1495 3371 decora,

241 3425 338 3496 quae
359 3400 520 3474 Romani
542 3399 740 3474 Pontifices
756 3400 840 3473 huic
855 3400 924 3473 sibi
944 3425 1033 3496 prae
1059 3399 1191 3474 ceteris
1218 3398 1313 3474 adeo
1341 3400 1499 3477 dilectae

243 3517 385 3593 civitati
405 3536 857 3616 compararunt,quaeque
883 3517 1075 3616 ceteroqui
1095 3515 1355 3592 indelebilibus
1370 3519 1498 3594 chara·

244 3636 641 3711 cteribusinhistoricis
660 3636 826 3710 omnium
846 3634 1076 3710 saeculorum
1091 3636 1342 3709 monumentis
1360 3637 1499 3737 scripta

245 3772 424 3849 prostant,
477 3778 681 3829 recensere.
728 3752 1056 3850 Supervacaneum
1104 3752 1192 3827 item
1239 3770 1297 3828 est
1333 3753 1497 3845 innuere,

154 3863 155 3866 ¹
249 3873 394 3947 Urbem
414 3873 510 3948 hanc
532 3873 757 3947 Pontificalis
780 3874 1005 3948 Dominatus
1037 3872 1110 3948 alte
1130 3873 1310 3969 impressa
1338 3876 1499 3975 vestigia

235 3993 281 4065 ¹in
301 4019 449 4092 quaqua
467 3995 523 4067 sui
543 4011 646 4091 parte
662 3993 808 4080 referre,
825 3993 960 4091 quibus
979 3993 1111 4068 eadem
1130 3992 1340 4068 ostenditur
1353 3996 1401 4069 ad
1423 3996 1498 4069 Ro·

247 4137 375 4185 manos
411 4111 610 4186 Pontifices
636 4130 690 4186 tot
715 4111 925 4210 talibusque
948 4111 1160 4186 nominibus
1190 4111 1385 4208 pertinere,
1406 4132 1499 4212 quot

245 4228 443 4327 qualiaque
459 4231 493 4303 in
514 4229 718 4326 quamlibet
731 4229 789 4304 sui
806 4230 929 4329 Regni
947 4229 1092 4305 Urbem
1109 4226 1320 4326 Principum
1336 4256 1499 4329 unquam

246 4347 376 4421 habuit
395 4373 507 4421 nemo
519 4344 574 4448 (³).
589 4347 608 4375 ”

285 4541 306 4582 1.
321 4526 474 4593 Pallottini‚
489 4526 601 4580 Sacerd.
613 4531 641 4581 et
661 4525 742 4595 Imp,
755 4540 815 4596 cap.
832 4524 854 4593 1,
865 4533 915 4578 art.
930 4539 955 4594 3,
968 4530 1000 4578 τι0
1023 4538 1064 4593 13,
1072 4539 1114 4591 20,
1127 4535 1166 4593 ις,
1176 4537 1220 4590 40,
1236 4535 1275 4593 51.

282 4621 306 4661 2.
322 4605 442 4660 Constit.
455 4607 523 4659 Non
536 4606 675 4673 mediocri,
688 4603 701 4674 ξ
715 4603 772 4671 4·6.

283 4701 306 4754 3.
322 4685 413 4757 Epist.
428 4685 465 4740 ad
479 4685 595 4741 Cardin.
610 4684 770 4756 Rampolla.
787 4696 818 4754 ις
833 4685 898 4755 Jun.
915 4682 989 4748 1887.
