3496 5482
1029 477 1074 483 .--.
1084 477 1414 490 ——.—.-——.,..,
1420 484 1428 490 ⁴

250 527 318 612 164
654 542 746 591 nuru
774 541 833 592 srr
861 542 935 591 nux
966 543 1091 594 noum.

242 702 368 777 omnia
406 685 528 774 Nobis
567 699 793 796 Nostrisque
837 698 1086 775 dilectissimis
1117 702 1295 797 subjectis
1339 706 1505 781 timenda

244 820 422 923 erant(¹).
445 822 463 850 '’

297 959 350 1020 18.
382 943 622 1040 Perspicuum
655 967 747 1043 ergo
776 960 856 1017 crat
883 942 994 1040 quod,
1026 968 1073 1017 ex
1104 943 1278 1021 omnibus
1312 948 1504 1025 catholicis

246 1063 458 1139 nationibus
489 1088 583 1161 quas
613 1087 712 1136 anno
738 1064 829 1153 1848
862 1060 909 1134 ad
930 1063 1238 1138 restaurationem
1271 1067 1504 1167 Principatus

244 1182 362 1258 civilis
394 1182 433 1257 S.
467 1180 588 1265 Sedis,
624 1200 814 1276 tamquam
833 1178 880 1252 ad
914 1179 1155 1255 fortissimum
1183 1183 1325 1258 ordinis
1356 1186 1504 1261 socialis

230 1299 446 1383 munimen.
467 1317 618 1374 strenue
636 1297 865 1372 collaborare
880 1296 1052 1384 vidimus,
1073 1299 1153 1373 sola
1167 1300 1291 1375 Gallia
1305 1303 1504 1400 prohibere

245 1418 365 1517 potuit
382 1418 581 1516 quominus
599 1434 701 1491 secta
720 1416 935 1490 ultimarum
951 1443 1061 1491 suum
1083 1439 1332 1517 exequeretur
1350 1423 1476 1499 statim
1495 1453 1502 1511 ;

244 1538 338 1612 adeo
357 1537 454 1612 bene
476 1537 697 1610 Massonum
712 1534 1006 1610 machinationes
1027 1539 1061 1610 in
1082 1538 1297 1638 redigendis
1316 1542 1363 1615 ad
1386 1544 1503 1641 impo-

245 1654 401 1731 tentiam
419 1654 552 1729 ceteris
570 1652 862 1729 auxiliatricibus
880 1656 1058 1754 gentibus
1077 1678 1346 1735 successerunt.

296 1775 486 1860 Attamen,
524 1771 717 1846 Lusitania
743 1773 795 1847 sic
823 1773 963 1848 dudum
989 1774 1070 1872 jam
1097 1775 1319 1851 Massonum
1361 1779 1504 1855 insidiis

246 1892 396 1978 irretita,
447 1889 699 1987 Neapolitano
732 1915 849 1989 regno
894 1893 1042 1988 penitus
1081 1894 1259 1979 extincto,
1302 1897 1502 1974 Austriaco

246 2009 442 2106 imperioa
468 2007 646 2081 Borussia
677 2032 749 2082 non
779 2027 922 2082 tantum
956 1991 1133 2107 superato
1165 2030 1278 2109 atque
1309 2013 1504 2092 humiliato

245 2128 312 2202 sed
330 2145 369 2202 et
387 2125 573 2200 intestinis
592 2125 835 2199 scissionibus
867 2126 964 2201 inter
996 2127 1202 2228 Hungaros
1223 2149 1260 2204 et
1284 2133 1503 2209 Austriacos

245 2247 409 2320 distento
454 2269 521 2343 per
564 2244 774 2318 ministrum
818 2270 927 2319 suum
959 2244 1045 2320 Von
1081 2246 1207 2334 Beust,
1242 2251 1361 2323 virum
1386 2249 1503 2327 haere-

246 2364 359 2439 ticum
378 2380 416 2438 et
434 2363 482 2437 ab
502 2362 626 2438 hostili
646 2379 833 2461 potestate
867 2364 1092 2460 impositum,
1118 2365 1303 2463 Hispania
1321 2366 1503 2444 catholica

246 2482 398 2556 tandem
426 2497 674 2578 conquassata
693 2505 759 2576 per
787 2496 957 2554 coactum
987 2481 1138 2556 exilium
1175 2482 1344 2558 lsabellae
1363 2485 1503 2584 reginae

246 2625 323 2674 suae
341 2625 437 2697 quae,
457 2598 541 2672 licet
561 2597 727 2671 moribus
747 2599 868 2671 minus
888 2599 1105 2695 composita,
1121 2600 1157 2672 in
1176 2600 1215 2675 S.
1235 2601 1374 2675 Sedem
1387 2602 1502 2676 devo·

246 2719 429 2793 tissimum
450 2733 575 2791 tamen
594 2715 751 2815 gerebat
769 2717 933 2790 animum
956 2743 1023 2790 nec
1044 2717 1128 2791 ideo
1147 2718 1184 2791 in
1205 2719 1333 2816 primis
1351 2720 1504 2794 asseclis

247 2835 393 2934 placere
425 2834 556 2933 potuit,
588 2833 691 2908 hisce
723 2834 897 2907 omnibus
927 2834 1207 2910 difficultatibus
1239 2837 1424 2933 superatis
1455 2838 1503 2911 ad

249 2953 416 3028 ultimum
448 2952 681 3028 obstaculum
720 2978 742 3027 e
774 2953 898 3026 medio
917 2952 1124 3027 tollendum
1144 2973 1180 3028 et
1211 2955 1344 3030 Galliae
1363 2955 1504 3031 scilicet

248 3072 421 3172 placitum
441 3073 687 3147 obtinendum
708 3096 795 3145 mox
815 3071 886 3145 iter
908 3072 1152 3146 Massonibus
1171 3073 1300 3169 patuit.

302 3191 443 3265 Bellum
464 3190 563 3263 enim
587 3189 767 3263 indictum
799 3207 879 3263 erat
910 3189 1125 3263 Borussiam
1147 3191 1242 3265 inter
1273 3209 1311 3265 et
1330 3191 1504 3268 Galliam.

251 3309 425 3405 Napoleo
449 3307 507 3381 lll
530 3307 593 3404 qui
614 3307 781 3406 reginam
805 3307 1003 3403 Hispaniae
1023 3307 1059 3380 in
1079 3307 1231 3381 exilium
1255 3309 1402 3382 detrudi
1423 3335 1506 3407 pas·

248 3454 311 3502 sus
331 3427 449 3500 fuerat
477 3424 790 3522 debilitandaeque
828 3424 1022 3521 Hispaniae
1042 3425 1094 3498 sic
1125 3447 1376 3514 consenserat,
1406 3448 1507 3526 post·

248 3571 359 3645 quam
393 3544 497 3642 regni
517 3542 628 3641 hujus
659 3568 836 3616 coronam
868 3542 1033 3615 oblatam
1053 3543 1147 3616 vidit
1176 3545 1332 3642 principi
1360 3547 1507 3619 cuidam

249 3662 431 3738 catholico
445 3663 493 3736 de
511 3661 627 3757 stirpe
645 3659 928 3734 Hohenzollern
941 3678 978 3734 et
997 3686 1081 3734 cum
1101 3662 1204 3760 regia
1220 3662 1357 3736 familia
1372 3664 1508 3737 Borus-

249 3785 314 3856 siae
332 3782 544 3879 conjuncto,
578 3779 648 3852 hoc
668 3779 768 3852 idem
791 3802 893 3876 aegre
925 3778 1008 3852 tulit
1026 3804 1069 3852 ac
1102 3781 1298 3877 repentino
1317 3798 1355 3855 et
1381 3782 1509 3856 incon·

250 3901 412 3975 siderate
431 3897 568 3973 bellum
589 3898 722 3972 indixit
744 3897 941 3972 Borussiae.

305 4019 400 4091 Haec
423 4042 506 4090 curn
539 4016 691 4115 ingenio
710 4016 867 4089 duorum
895 4017 1101 4113 praesertim
1134 4018 1297 4091 virorum
1328 4045 1402 4093 von
1430 4019 1509 4093 Bis-

252 4136 377 4211 marck
389 4135 529 4209 scilicet
547 4154 585 4208 et
604 4158 679 4207 von
696 4134 843 4207 Molkte
856 4135 904 4207 ad
925 4134 1061 4208 bellum
1077 4135 1312 4231 paratissima
1332 4155 1508 4224 exstaret,

252 4255 356 4331 brevi
381 4255 584 4327 contritura
602 4270 681 4326 erat
704 4251 896 4325 Gallorum
917 4253 1108 4326 audaciam
1136 4255 1292 4352 ejusque
1312 4255 1511 4351 imperato·

252 4377 301 4450 ris
319 4401 327 4462 ;
347 4392 384 4448 et
403 4372 452 4446 ita
470 4373 633 4471 quiante
652 4371 801 4444 innixus
816 4372 998 4469 principio
1018 4396 1091 4445 non
1108 4372 1511 4447 interventionis-Pon·

254 4500 352 4584 tifici,
388 4497 542 4596 principi
577 4496 756 4593 legitim0,
788 4521 896 4569 suum
919 4493 1172 4590 Principatum
1209 4495 1341 4593 partim
1375 4494 1511 4568 auferri

293 4717 314 4756 1.
336 4703 450 4770 Eneycl.
474 4717 483 4753 ι
507 4703 580 4755 Nov.
606 4700 682 4765 1870.
