3496 5482
320 567 367 642 74
432 646 436 653 ,
726 576 819 627 narn
847 577 906 627 srr
934 576 1007 626 nex
1038 576 1164 628 nonu.

318 733 365 805 ad
398 734 679 810 ratihabendam
710 756 747 812 et
792 736 1065 837 legitimitatem
1097 739 1376 837 agnoscendam
1408 743 1574 815 concessi

318 850 471 926 dominii
502 850 699 954 (537·555)
720 881 864 930 necnon
897 855 1079 952 protectio
1110 873 1148 929 et
1179 856 1318 929 bonum
1343 856 1513 932 'officium
1534 858 1572 933 S.

318 968 492 1067 Gregorii
515 971 648 1069 Magni
668 974 703 1045 in
719 973 952 1048 conciliando
964 974 1002 1048 S.
1018 974 1109 1049 Sedi
1123 973 1281 1071 populos
1299 975 1457 1050 Italicos.
1479 975 1573 1050 Mox

318 1111 408 1161 vero
427 1088 635 1186 Gregorius
659 1091 695 1165 ll
719 1118 814 1189 papa
841 1092 990 1189 excepit
1023 1091 1059 1164 in
1089 1091 1271 1190 regimine
1306 1093 1421 1167 Urbis
1440 1094 1573 1193 guber-

319 1226 483 1280 natorem
509 1209 756 1305 Byzantinum
774 1212 838 1309 qui
853 1211 976 1309 potius
991 1210 1143 1284 honoris
1158 1228 1195 1284 et
1209 1209 1452 1309 invigilantiae
1463 1238 1575 1287 causa

316 1323 438 1399 adhuc
460 1327 593 1401 Romae
613 1329 760 1403 videtur
777 1330 927 1404 stetisse
946 1327 1065 1427 (726).

367 1441 541 1519 Succedit
560 1462 597 1520 et
616 1447 728 1520 lertriz
753 1447 882 1543 epocha
911 1445 972 1544 (ab
992 1446 1098 1519 annis
1129 1452 1200 1537 726
1219 1464 1257 1520 et
1278 1466 1344 1541 731
1368 1448 1415 1522 ad
1445 1466 1511 1540 741
1536 1467 1572 1522 et

319 1578 338 1651 7
344 1557 730 1659 52lconsolidationis
746 1565 862 1638 firmae
884 1565 1118 1660 Principatus
1136 1563 1266 1645 civilis.

367 1679 462 1754 Cum
483 1683 582 1756 enim
607 1684 801 1781 Byzantini
821 1684 1064 1780 imperatores
1077 1684 1157 1782 jam
1188 1683 1383 1779 incapaces
1411 1684 1572 1758 exstitis-

228 1888 232 1895 υ
316 1817 400 1872 sent
432 1800 615 1875 retinendi
647 1821 685 1876 et
719 1801 972 1876 Exarchatum
1006 1802 1336 1876 Ravennatensem
1370 1800 1501 1901 (vulgo
1534 1803 1572 1875 lo

316 1916 521 2017 Romogne)
539 1939 652 2017 atque
671 1921 902 2018 Pentapolim
916 1919 1048 2020 (vulgo
1062 1919 1177 1992 dracho
1197 1920 1233 1992 αἶ’
1243 1919 1365 1994 Urbin
1378 1929 1413 1992 et
1426 1921 1572 1994 marche

315 2033 525 2135 dAncdne)
548 2037 800 2136 Principatum
833 2038 1050 2112 eorumdem
1089 2036 1199 2134 plane
1232 2056 1269 2110 et
1299 2037 1571 2112 naturalissirne

315 2150 532 2226 devolutum
545 2180 629 2229 esse
644 2174 843 2231 censerunt
860 2155 1039 2230 Romanis
1056 2154 1298 2229 Pontificibus
1310 2180 1468 2252 quorum
1485 2175 1571 2228 tunc

317 2272 497 2366 temporis
510 2273 573 2370 jus
587 2293 677 2359 erat,
698 2275 806 2348 sicuti
825 2276 872 2349 de
891 2274 990 2347 lacto
1003 2291 1160 2358 constat,
1182 2290 1220 2346 et
1231 2273 1393 2347 condere
1411 2270 1516 2372 leges
1534 2291 1572 2346 et

316 2386 407 2462 inire
422 2387 569 2464 foedera
582 2419 665 2466 cum
684 2391 765 2466 aliis
785 2393 936 2491 regibus
955 2391 1125 2464 civilibus
1144 2388 1198 2490 (¹)

365 2506 470 2580 Talis
490 2508 557 2584 suit
579 2508 865 2585 Providentialis
887 2509 1091 2584 elaboratio
1106 2508 1216 2607 hujus
1235 2507 1433 2607 singularis
1451 2509 1569 2583 domi-

315 2623 364 2696 nii
384 2624 503 2700 civilis
523 2628 562 2703 S.
583 2627 694 2702 Sedis
722 2653 789 2726 per
812 2629 976 2726 quinque
1003 2627 1119 2701 ferme
1146 2625 1282 2699 saecula
1303 2644 1342 2699 ut
1362 2626 1482 2700 fassit
1502 2652 1570 2699 nos

312 2741 522 2819 exclamare
534 2771 618 2819 cum
630 2767 742 2843 poeta
755 2745 849 2819 banc
865 2770 1000 2819 novam
1018 2745 1174 2819 Romam
1188 2743 1396 2819 alludentes
1414 2767 1422 2818 :
1444 2745 1572 2818 Tonlae
1631 2801 1633 2804 .

314 2861 515 2937 molirerol
532 2864 739 2939 Romanam
752 2864 902 2939 condere
908 2873 1053 2960 gentem
1067 2869 1085 2936 !
1186 2912 1189 2917 -

368 2979 550 3055 Restabat
584 3002 624 3058 ut
658 2982 782 3081 operis
827 2980 1115 3056 Providentialis
1148 2979 1341 3054 coronatio
1364 2979 1469 3054 fieret
1505 3006 1571 3076 per

317 3096 494 3186 Francos,
512 3101 683 3175 nimirum
703 3127 770 3200 per
786 3101 958 3198 Pipinum
979 3125 1106 3197 regem
1126 3116 1163 3173 et
1183 3099 1359 3174 Carolum
1385 3099 1569 3199 Magnum

315 3214 588 3313 imperatorem.
1260 3318 1261 3322 Ἴ

369 3335 433 3409 Nil
453 3337 585 3411 mirum
606 3337 717 3436 igitur
735 3337 776 3423 si,
799 3354 839 3411 ut
861 3336 1134 3434 Longobardos
1154 3335 1334 3433 repellere
1352 3354 1391 3411 et
1423 3336 1459 3409 in
1488 3363 1569 3434 pro-

314 3452 403 3550 priis
422 3455 580 3529 statibus
599 3481 682 3530 sese
702 3455 795 3529 tueri
814 3473 979 3553 possent,
1000 3454 1082 3527 RR.
1103 3453 1303 3528 Pontifices
1312 3455 1391 3551 jam
1408 3471 1447 3528 ut
1469 3454 1570 3527 Prin·

315 3571 417 3668 cipes
444 3574 634 3648 constituti
653 3591 692 3648 et
709 3574 756 3647 ab
777 3572 1062 3671 imperatoribus
1082 3571 1247 3647 derelicti
1266 3573 1314 3645 ad
1341 3572 1568 3646 Francorum

316 3717 424 3792 reges
437 3711 670 3768 recurrerunt
689 3720 830 3792 eosque
850 3692 1123 3768 beneficiissibi
1144 3692 1408 3767 devinxerunt.

369 3813 420 3887 Et
439 3813 489 3888 ita
508 3814 644 3888 lactum
664 3832 721 3890 est
740 3835 790 3901 ut,
811 3815 976 3890 extincta
1003 3815 1269 3911 imperatorum
1285 3809 1517 3886 orientalium
1534 3811 1570 3885 in

319 3930 462 4005 ltaliam
482 3932 747 4019 dominatione,
768 3952 806 4007 et
825 3959 959 4007 everso
981 3931 1316 4030 Longobardorum
1343 3955 1470 4028 regno,
1492 3949 1569 4005 tan-

315 4049 400 4124 dem
420 4048 684 4125 aFrancorum
707 4050 940 4148 Principibus
956 4049 1162 4124 dominium
1183 4047 1388 4146 temporale
1405 4048 1442 4122 S.
1460 4041 1571 4122 Sedis

314 4167 363 4243 sit
377 4167 575 4243 firmatum.
597 4219 599 4222 ι
1477 4233 1479 4237 ,

370 4288 481 4363 Nunc
501 4306 624 4363 tamen
645 4287 743 4362 haud
766 4289 952 4387 ingratum
968 4288 1047 4361 lore
1066 4307 1239 4384 putamus
1252 4286 1331 4360 haec
1345 4311 1410 4383 per
1424 4283 1571 4385 singula

313 4406 504 4504 aliquanto
531 4407 737 4481 accuratius
756 4430 955 4503 exponere,
977 4430 1053 4502 quo
1083 4405 1203 4503 magis
1223 4421 1349 4501 pateat
1379 4427 1453 4476 non
1472 4428 1570 4476 com-

308 4525 438 4625 munis
457 4543 599 4599 tantum
619 4525 687 4600 sed
701 4524 902 4623 singularis
915 4524 1067 4622 quidam
1086 4523 1338 4597 Providentiae
1352 4546 1491 4604 cursus,
1508 4521 1570 4617 qui

305 4759 311 4768 ·
354 4749 373 4788 r.
387 4735 566 4799 A.Gosscliu,
580 4735 671 4789 Pauo.
682 4734 728 4787 des
735 4734 784 4804 pp.
793 4751 832 4786 ou
844 4733 1011 4802 .tr.A.,1.--
1026 4732 1259 4802 Hergenr'oetber,
1268 4731 1345 4785 Hist.
1356 4713 1570 4799 del'lz‘glr'se,ll.
