3496 5482
256 453 778 474 Ι’-----------...-.....--
799 469 804 473 .
814 469 820 473 .
829 467 986 477 ...-.-..-----
1404 468 1451 475 .-..,
1466 467 1493 474 .—

252 532 320 600 194
656 530 748 580 PAPA
775 531 834 580 SIT
862 531 936 580 REX
966 532 1091 582 ROMAE.

245 691 379 767 rabiles
397 693 652 777 ostenderunt,
670 693 869 766 summarie
888 709 926 765 et
952 691 1058 789 quasi
1086 693 1168 788 ipso
1195 691 1291 766 lacto
1310 691 1501 766 dimittun-

244 822 305 885 tur
322 811 370 884 ab
388 810 519 886 officIIs
537 810 614 883 suis
629 826 742 907 atque
761 827 800 884 ut
819 810 982 907 suspecti
1006 809 1191 885 habentur
1209 810 1222 910 (
1240 808 1263 909 ).

299 930 360 1002 De
378 928 480 1002 hisce
495 926 641 1025 legibus
654 927 743 1002 dicit
765 929 843 1003 Leo
858 928 963 1001 XIII
983 951 990 1000 :
1017 939 1036 968 ‘⁴
1052 928 1180 1003 Potius
1210 929 1258 1002 de
1276 928 1369 1002 sacri
1394 928 1502 1000 mini-

245 1048 346 1122 sterii
360 1046 750 1145 perfunctionequam'
763 1046 809 1121 de
829 1044 978 1121 licentia
991 1048 1186 1121 criminum
1199 1047 1406 1122 coercenda
1417 1071 1499 1143 per-

244 1165 340 1240 latae
359 1183 492 1240 sunt...
518 1164 687 1239 Ecclesia
723 1164 944 1262 percellitur,
964 1165 1052 1239 dum
1084 1165 1385 1240 administrorum
1422 1165 1502 1238 eius

244 1284 406 1358 deterior
424 1283 465 1357 fit
482 1284 657 1367 conditio,
677 1308 790 1380 quam
815 1301 1022 1358 ceterorum
1042 1284 1189 1370 civium,
1212 1284 1397 1381 simulque
1411 1309 1500 1380 poe·

245 1428 375 1477 narum
404 1421 526 1477 metus
555 1401 737 1488 obiicitur,
765 1427 810 1476 ne
840 1403 952 1477 iidem
976 1402 1224 1477 conscientias
1257 1401 1422 1476 fidelium
1452 1401 1499 1474 ad

244 1519 433 1619 religioniS
452 1545 672 1617 morumque
691 1518 949 1595 defensionem
968 1521 1131 1595 audeant
1150 1520 1286 1596 ducere
1307 1519 1350 1620 (²)
1366 1520 1396 1594 .'’

298 1639 312 1712 I
318 1658 430 1737 taque
449 1657 548 1713 recte
566 1636 739 1712 Pontifex
754 1639 955 1714 monefecit
972 1639 1186 1735 Principes:
1205 1656 1382 1714 eventum
1402 1638 1500 1712 hunc

243 1757 556 1833 luctuosissimum
576 1756 655 1830 fore
682 1757 968 1832 instrumentum
992 1767 1012 1798 “
1031 1757 1068 1830 in
1087 1757 1371 1832 subversionem
1387 1758 1500 1832 totius

242 1876 383 1950 ordinis
401 1873 565 1950 civilium
584 1875 819 1950 societatum.
842 1876 858 1902 ''

294 1994 488 2093 Quidquid
507 1994 606 2068 enim
627 1994 723 2068 inter
736 2013 872 2092 gentes
890 2019 1035 2068 sacrum
1052 1995 1232 2070 hactenus
1251 1995 1384 2082 extitit,
1405 1995 1501 2070 sicut

242 2113 303 2188 lex
317 2115 390 2188 Dei
405 2132 544 2187 aeterna
556 2139 640 2210 quae
656 2137 785 2187 norma
800 2129 857 2186 est
872 2138 1046 2211 suprema
1058 2114 1224 2187 omnium
1241 2112 1365 2212 legum
1383 2141 1390 2200 ;
1405 2115 1500 2188 sicut

243 2250 352 2329 pacta
365 2248 402 2306 et
423 2231 573 2315 foedera,
590 2255 736 2305 necnon
753 2249 881 2305 mutua
893 2232 978 2329 jura
991 2232 1127 2306 exinde
1146 2231 1361 2306 resultantia
1378 2262 1385 2320 ;
1405 2232 1500 2307 sicut

242 2376 315 2448 pax
347 2368 385 2425 et
416 2348 662 2447 tranquillitas
693 2349 841 2434 civium,
864 2368 977 2447 atque
1006 2349 1043 2422 in
1066 2348 1269 2424 imbecilles
1297 2375 1499 2448 oppressos

241 2469 422 2566 protectio
452 2467 628 2555 fortium;
657 2467 752 2541 sicut
770 2468 964 2542 sinceritas
995 2467 1215 2542 relationum
1248 2488 1285 2543 et
1304 2469 1499 2568 integritas

242 2612 433 2662 morum...
455 2586 581 2660 omnia
599 2604 637 2660 et
655 2585 803 2684 singula
821 2585 1037 2660 conculcata
1050 2586 1151 2661 fuere
1170 2587 1207 2659 in
1227 2587 1297 2660 hoc
1316 2588 1495 2674 dramate,

240 2705 341 2802 quod
361 2705 591 2780 intuentibus
610 2704 724 2779 totius
745 2705 908 2802 Europae
939 2705 1116 2804 gentibus
1135 2704 1300 2780 oblatum
1320 2705 1388 2780 fuit
1405 2732 1497 2806 gen-

241 2839 298 2898 tes
315 2822 510 2898 erudiendi
529 2848 650 2896 causa.

294 2942 451 3016 Factum
465 2941 750 3016 istudnelarium
763 2942 896 3016 merito
909 2967 1049 3040 gurges
1064 2940 1495 3030 relationumsocialium,

241 3084 384 3158 vorago
406 3059 626 3134 societatum
645 3078 929 3157 nuncuparetur,
948 3079 986 3135 et
1004 3061 1067 3134 ubi
1081 3079 1225 3135 attente
1244 3060 1496 3158 perspicietur,

242 3179 348 3252 unice
375 3177 544 3252 sufficiet*
551 3178 711 3273 posteris
740 3196 781 3252 ut
799 3179 847 3252 de
864 3196 964 3252 statu
982 3178 1109 3253 sociali
1132 3179 1255 3253 saeculi
1283 3178 1385 3253 XIX
1398 3179 1499 3277 judi·

241 3297 339 3370 cium
359 3295 480 3370 ferant
499 3316 652 3371 rectum.

296 3415 349 3488 Et
367 3440 451 3512 quae
471 3440 558 3511 spes
578 3414 733 3488 restabit
751 3415 913 3489 exeundi
934 3442 981 3490 ex
1000 3415 1062 3489 tali
1081 3417 1231 3516 gurgite
1250 3435 1287 3491 et
1305 3416 1496 3515 voragine,

242 3533 420 3630 quamdiu
443 3532 580 3606 factum
610 3552 782 3628 perstans
801 3560 909 3607 suum
937 3535 1126 3608 exercebit
1146 3534 1325 3608 influxum
1341 3561 1348 3621 ;
1367 3560 1498 3632 quam-

243 3647 305 3724 diu
324 3668 443 3724 atrum
461 3650 685 3748 gubernium
704 3670 745 3724 ut
764 3651 1007 3747 implacabilis
1038 3653 1202 3726 carnifex
1223 3673 1374 3749 paratus
1394 3652 1498 3727 victi·

243 3795 323 3842 mas
334 3767 507 3867 jugulare
525 3794 611 3841 suas
632 3769 693 3841 ubi
708 3770 867 3866 primum
888 3797 1018 3844 vocem
1034 3770 1209 3845 efferrent
1226 3772 1274 3844 ad
1293 3772 1498 3871 legitimam

243 3886 542 3960 vendicationem
561 3886 864 3984 proclamandam
892 3915 934 3962 ac
963 3888 1104 3963 facinus
1124 3891 1341 3987 praedonum
1362 3891 1500 3988 impro-

244 4003 437 4078 bandum?

296 4122 394 4196 Proh
412 4122 538 4196 dolor!
557 4123 623 4197 sed
644 4123 722 4198 haec
737 4124 863 4198 omnia
882 4124 1027 4199 initium
1040 4144 1185 4200 tantum
1204 4144 1290 4200 sunt
1306 4128 1497 4214 malorum,

244 4240 313 4315 nisi
345 4240 498 4337 Europa
526 4241 703 4316 citissime
732 4244 928 4339 pristinum
963 4243 1144 4319 Ecclesiae
1175 4262 1312 4318 statum
1349 4247 1496 4321 civilem

243 4378 434 4433 restauret.

280 4612 301 4651 1.
312 4597 485 4667 Vaughan,l.
496 4615 528 4669 c.‚
538 4617 599 4669 cap.
614 4601 648 4654 V.

277 4694 300 4730 2.
314 4677 405 4747 Epist.
418 4679 455 4732 ad
468 4680 578 4734 Ducem
592 4681 754 4749 Norfolciae,
772 4695 803 4748 13
817 4681 903 4750 April.
923 4682 997 4748 1889.
