3496 5482
1155 470 1495 481 ω

242 528 314 595 226
647 538 741 587 rara
768 537 828 588 srr
855 537 929 586 unx
958 537 1085 589 noua.

243 648 412 658 -——-——.-
422 647 464 653 ’.-
480 648 510 653 -

294 704 433 779 Merito
452 703 564 800 igitur
577 700 745 796 apprime
757 699 793 771 in
809 697 1061 771 fraudulentas
1084 698 1378 771 machinationes
1391 697 1493 770 inve·

240 823 295 898 hit
325 823 412 897 Pius
433 821 513 894 IX:
530 817 755 914 “Quoniam
787 814 982 912 Subalpini
1001 814 1172 912 gubernii
1191 833 1249 888 est
1274 831 1493 911 perpetuam

240 960 462 1038 turpemque
476 934 751 1011 simulationem
766 959 850 1008 cum
863 932 1070 1030 impudenti
1082 949 1299 1029 contemptu
1314 931 1495 1006 adversus

242 1058 473 1134 Pontificiam
489 1057 667 1130 Nostram
687 1054 908 1152 dignitatem
924 1071 962 1127 et
980 1052 1237 1127 auctoritatem
1253 1054 1492 1150 conjungere,

241 1177 420 1274 lactisque
451 1172 615 1250 ostendit
649 1172 810 1245 Nostras
841 1172 1142 1268 protestationes,
1163 1167 1494 1267 expostulationes,

240 1320 416 1370 censuras
434 1318 501 1389 pro
521 1289 635 1364 nihilo
655 1288 793 1363 habere
810 1317 817 1375 ;
836 1289 922 1362 hinc
937 1290 1090 1363 minime
1102 1288 1276 1362 obstante
1289 1287 1432 1386 judicio
1446 1287 1495 1361 de

240 1412 426 1510 praedictis
438 1407 683 1484 Cautionibus
697 1434 719 1482 a
735 1407 856 1481 Nobis
868 1432 1057 1503 expresso
1067 1406 1208 1479 illarum
1224 1406 1495 1479 discussionem

240 1548 279 1606 et
297 1554 455 1604 examen
474 1527 572 1623 apud
592 1550 787 1622 supremos
814 1525 937 1623 Regni
965 1525 1115 1598 ordines
1133 1549 1266 1622 urgere
1291 1544 1329 1598 et
1348 1548 1495 1620 promo-

242 1674 330 1722 vere
349 1671 423 1721 non
442 1644 596 1729 destitit,
614 1641 727 1716 veluti
748 1643 796 1715 de
815 1668 854 1716 re
873 1642 969 1716 seria
988 1660 1171 1739 ageretur.
1194 1642 1280 1737 Qua
1300 1643 1336 1715 in
1355 1641 1496 1715 discus·

240 1765 347 1840 sione
376 1789 459 1838 cum
491 1762 629 1835 veritas
652 1760 782 1858 judicii
808 1760 939 1833 Nostri
965 1785 1077 1856 super
1106 1758 1249 1832 illarum
1269 1759 1495 1833 Cautionum

241 1901 371 1957 natura
386 1902 424 1956 et
443 1878 577 1965 indole,
597 1897 675 1952 tum
700 1876 822 1950 irritus
842 1877 1003 1951 hostium
1022 1879 1058 1951 iu
1073 1876 1232 1951 velanda
1247 1903 1373 1952 earum
1395 1875 1496 1950 mali·

240 2000 291 2075 tia
309 2017 347 2074 et
366 1998 493 2071 fraude
512 2014 668 2069 conatus
687 1994 892 2069 luculenter
909 1997 1089 2092 apparuit.

293 2144 314 2174 “
334 2133 572 2229 Quamquam
592 2130 721 2206 fideles
739 2129 852 2229 longe
870 2131 993 2206 absint
1014 2152 1052 2205 ut
1071 2132 1115 2206 iis
1133 2132 1330 2207 eludantur
1344 2132 1497 2206 fallaciis

239 2278 323 2351 quae
352 2252 577 2327 Cautionum
597 2250 746 2323 nomine
768 2267 955 2347 teguntur,
979 2268 1104 2323 tamen
1136 2250 1344 2347 Apostolici
1366 2251 1497 2324 Nostri

240 2367 350 2443 officii
371 2391 504 2441 munus
529 2391 613 2440 esse
631 2365 801 2438 ducimus
819 2385 859 2438 ut
879 2365 947 2439 toti
972 2365 1066 2440 Orbi
1091 2366 1307 2441 solemniter
1333 2367 1495 2442 declare-

241 2512 333 2571 muS,
368 2510 442 2558 non
481 2482 593 2557 modo
629 2509 693 2556 eas
732 2509 816 2580 quae
836 2482 1039 2557 Cautiones
1066 2483 1308 2581 appellantur,
1337 2510 1498 2583 quaeque

240 2602 411 2701 gubernii
429 2599 622 2698 Subalpini
638 2600 734 2673 curis
748 2625 942 2697 perperam
955 2627 1053 2674 cusae
1067 2621 1162 2683 sunt,
1180 2603 1257 2687 sed,
1273 2603 1497 2700 quicumque

241 2721 391 2795 tandem
425 2719 510 2806 sint,
548 2718 683 2805 titulos
704 2718 876 2803 honores,
894 2717 1155 2794 'immunitates
1183 2739 1219 2794 et
1246 2720 1441 2819 privilegia
1459 2741 1498 2795 et

241 2838 417 2936 quidquid
444 2837 669 2911 Cautionum
698 2863 765 2910 seu
785 2839 1024 2934 guarentzgie
1052 2839 1202 2913 nomine
1232 2840 1368 2925 veniat,
1397 2839 1497 2913 nullo

241 2958 353 3030 modo
376 2955 500 3029 valere
531 2980 642 3052 posse
671 2955 719 3027 ad
750 2957 992 3030 asserendum
1022 2958 1239 3053 expeditum
1259 2957 1492 3055 liberumque

242 3100 348 3148 usum
363 3073 541 3147 divinitus
556 3073 679 3146 Nobis
693 3074 838 3147 traditae
854 3075 1047 3170 potestatis
1062 3077 1158 3149 etad
1174 3078 1351 3151 tuendam
1367 3102 1494 3150 neces·

242 3192 377 3265 sariam
398 3191 578 3265 Ecclesiae
595 3191 816 3267 libertatem.
832 3192 850 3218 ’'

296 3318 468 3392 Pontilex
499 3344 574 3392 non
603 3336 746 3391 tantum
779 3317 923 3392 oblatas
943 3320 1146 3395 Cautiones
1178 3341 1324 3395 recusat
1362 3323 1429 3396 sed
1462 3340 1500 3397 et

244 3437 370 3535 procul
389 3463 469 3510 ase
489 3437 605 3534 rejicit
624 3462 774 3510 omnem
795 3438 946 3512 vivendi
959 3438 1111 3512 modum
1140 3442 1252 3514 etiam
1277 3441 1347 3513 sibi
1368 3440 1492 3513 forsan

244 3556 281 3628 in
301 3572 491 3651 posterum
510 3555 765 3629 offerendum:
784 3555 1013 3652 consilioque
1032 3576 1128 3630 stat:
1147 3585 1188 3631 se
1207 3559 1243 3630 in
1262 3559 1499 3657 subrogatio·

244 3698 329 3746 nem
348 3670 466 3745 civilis
485 3672 542 3744 sui
565 3672 797 3768 Principatus
816 3699 928 3769 posse
946 3675 1145 3749 admittere
1165 3675 1264 3749 nihil.

297 3810 318 3838 ‘⁸
332 3798 671 3892 Quemadmodum,
689 3800 817 3897 inquit,
840 3799 975 3896 pluries
995 3802 1151 3898 prolessi
1171 3829 1298 3876 sumus
1314 3803 1397 3877 Nos
1410 3804 1499 3878 nulli

244 3917 435 3991 adhaerere
449 3917 695 3991 conciliationi
711 3944 832 4014 posse,
853 3946 936 4015 quae
951 3920 1118 4016 quolibet
1132 3922 1246 3994 modo
1259 3949 1273 4020 J
1281 3949 1345 3994 ura
1360 3922 1501 3995 Nostra

246 4035 412 4107 destruat
431 4052 494 4106 aut
514 4035 717 4119 imminuat,
733 4060 817 4132 quae
836 4057 923 4108 sunt
945 4037 1018 4110 Dei
1031 4040 1128 4134 jura,
1148 4041 1200 4111 sic
1221 4065 1317 4112 nunc
1338 4038 1500 4113 declara-

247 4178 328 4225 mus
345 4176 548 4248 numquam
570 4152 652 4226 Nos
681 4173 900 4248 accepturos
929 4179 1013 4228 esse
1042 4181 1110 4228 nec
1137 4182 1249 4253 posse
1267 4159 1499 4255 excogitatas

247 4269 459 4356 Cautiones,
479 4295 725 4368 quaecumque
745 4271 776 4342 si
790 4290 932 4343 tearum
952 4274 1055 4359 ratio,
1079 4300 1199 4370 neque
1218 4275 1288 4348 alia
1310 4301 1498 4373 quaecum-

245 4414 318 4485 que
348 4385 422 4460 sint
451 4389 532 4486 ejus
563 4389 723 4486 generis
753 4406 790 4462 et
819 4413 1055 4487 quocumque
1087 4393 1200 4465 modo
1228 4395 1379 4478 sancita,
1413 4419 1497 4490 quae

244 4505 369 4602 specie
393 4505 605 4579 muniendae
627 4507 779 4579 Nostrae
803 4531 918 4579 sacrae
946 4510 1142 4603 potestatis
1161 4510 1286 4585 oblata
1305 4511 1440 4586 luerint
1460 4512 1499 4584 in

245 4625 367 4696 locum
391 4639 431 4696 et
448 4624 753 4723 subrogationem
771 4624 891 4697 civilis
909 4622 1003 4698 illius
1038 4627 1249 4714 Potestatis,
1270 4654 1344 4726 qua
1372 4628 1501 4702 divina
