3496 5482
651 479 744 529 ΡΑΡΑ
772 479 830 529 SIT
858 479 933 529 REX
963 479 1090 530 ROMAE.

241 637 440 714 socialibus
460 655 604 711 mature
623 637 827 734 perpensis,
845 656 909 712 aut
923 637 1102 712 doctrinis
1121 655 1185 713 aut
1201 636 1308 713 sactis
1327 655 1365 713 et
1383 638 1505 737 gestis

242 760 335 835 alios
353 758 536 834 edocendi
555 777 593 833 et
612 757 765 832 insidias
783 775 896 833 sectae
915 757 1125 833 elucidandi
1138 784 1295 856 capaces
1312 759 1481 834 existunt
1496 785 1505 843 ;

243 877 465 954 indirectam
482 875 647 962 alteram,
668 901 780 973 quam
799 877 959 974 quisque
977 877 1141 974 arripere
1160 877 1274 951 debet
1293 875 1506 952 ordinando

245 1022 382 1093 nempe
414 1019 536 1068 mores
568 1012 605 1068 et
628 994 743 1068 vitam
773 1019 877 1069 suam
908 993 1094 1092 publicam
1125 1013 1164 1069 et
1189 993 1366 1069 socialem
1392 994 1505 1092 juxta

244 1112 426 1212 principia
444 1111 631 1209 aequitatis
662 1138 704 1185 ac
719 1112 910 1187 charitatis
928 1112 1141 1187 christianae
1160 1113 1197 1186 in
1216 1112 1504 1187 conversatione

244 1233 461 1331 quotidiana
493 1231 699 1329 praesertim
726 1258 810 1306 cum
843 1233 1023 1328 operariis
1055 1250 1092 1307 et
1122 1232 1202 1306 aliis
1238 1233 1408 1329 personis
1438 1249 1504 1307 aut

243 1350 396 1449 aequalis
413 1368 477 1426 aut
493 1350 677 1425 inferioris
690 1351 931 1439 conditionis;
947 1377 1032 1425 nam
1049 1376 1189 1437 revera,
1205 1351 1321 1426 verba
1336 1367 1502 1435 movent,

243 1469 311 1545 sed
329 1469 502 1567 exempla
522 1471 684 1545 trahunt.

293 1589 333 1662 Α
338 1585 359 1686 )
378 1587 767 1663 Animadvertendum
798 1589 949 1684 insuper
978 1604 1045 1674 est,
1075 1587 1178 1686 quod
1200 1586 1372 1663 Pontifex
1408 1587 1506 1661 circa

245 1724 386 1794 sectam
408 1705 632 1779 Massonum
652 1723 766 1791 notat,
781 1705 851 1780 hoc
873 1706 991 1780 notari
1011 1730 1123 1803 posse
1136 1704 1233 1778 circa
1252 1705 1374 1778 varias
1388 1704 1506 1779 socie·

244 1840 340 1898 tates
359 1823 525 1921 privatas
552 1822 764 1897 socialismo
795 1823 926 1897 affines
950 1841 988 1897 et
1018 1824 1119 1897 viros
1139 1823 1201 1920 qui
1232 1822 1334 1897 hisce
1367 1847 1505 1897 nomen

241 1966 349 2016 suum
377 1939 571 2016 dederunt.
596 1950 616 1979 “
642 1940 685 2015 In
706 1965 863 2038 quorum
885 1965 1051 2029 numeru,
1072 1959 1112 2015 ut
1140 1941 1251 2038 Papae
1279 1940 1403 2015 verbis
1427 1958 1506 2014 uta·

244 2084 334 2142 mur,
350 2059 478 2154 utique
497 2076 654 2155 possunt
679 2084 772 2145 esse,
796 2083 864 2131 nec
884 2058 1001 2155 pauci,
1022 2058 1085 2156 qui
1105 2058 1279 2155 quamvis
1302 2058 1410 2156 culpa
1429 2083 1504 2132 non

242 2194 394 2251 careant
413 2175 514 2274 quod
533 2201 617 2250 sese
649 2175 858 2251 istiusmodi
896 2175 1144 2272 implicuerint
1174 2176 1425 2260 societatibus,
1452 2195 1505 2249 ta·

244 2318 330 2368 rnen
351 2318 418 2367 nec
441 2294 516 2368 sint
546 2291 732 2392 flagitiose
763 2293 944 2368 sactorum
974 2319 1041 2390 per
1060 2319 1101 2368 se
1124 2294 1194 2390 ipsi
1227 2294 1437 2391 participes,
1452 2323 1454 2326 ·
1468 2313 1506 2368 et

245 2411 332 2486 illud
358 2411 526 2486 ultimum
548 2412 722 2510 ignorent
748 2411 848 2510 quod
870 2410 920 2484 illi
945 2412 1111 2486 nituntur
1135 2411 1302 2509 adipisci.
1325 2411 1507 2485 Similiter

243 2555 291 2605 ex
311 2528 650 2603 consociationibus
669 2528 758 2626 ipsis
779 2528 977 2603 nonnullae
998 2528 1154 2605 sortasse
1171 2555 1406 2627 nequaquam
1422 2554 1505 2626 pro·

245 2647 336 2720 bant
356 2645 613 2721 conclusiones
631 2647 812 2743 quasdam
832 2665 1032 2732 extremas,
1050 2672 1143 2744 quas
1155 2673 1239 2722 cum
1255 2673 1301 2721 ex
1316 2646 1506 2744 principiis

244 2764 504 2838 communibus
536 2765 747 2838 necessario
775 2783 1063 2863 consequantur,
1085 2782 1377 2840 consentaneum
1405 2781 1507 2839 esset

243 2880 456 2979 amplexari,
479 2881 547 2955 nisi
576 2907 642 2977 per
660 2907 701 2956 se
733 2881 901 2956 foeditate
920 2908 989 2955 sua
1015 2882 1206 2980 turpitudo
1237 2884 1316 2980 ipsa
1342 2883 1506 2957 deterre·

247 3020 302 3074 ret
314 2996 369 3098 (¹)
391 2999 407 3026 ”

297 3117 382 3190 Hos
413 3142 505 3215 ergo
535 3117 735 3191 christiana
766 3143 850 3190 cum
883 3118 1146 3192 benevolentia
1178 3118 1327 3193 tractari
1355 3134 1505 3214 oportet

244 3254 357 3332 atque
389 3233 595 3321 illuminari,
626 3255 666 3309 ut
695 3262 716 3307 a
747 3236 894 3309 tramite
928 3236 1063 3310 erroris
1096 3236 1243 3310 socialis
1278 3238 1507 3324 recedentes,

245 3374 425 3460 renovato
444 3355 570 3429 animo
584 3356 787 3431 christiano
806 3356 1060 3430 conditionem
1082 3356 1118 3428 in
1137 3382 1248 3452 quaa
1266 3356 1507 3430 Providentia

249 3475 320 3549 Dei
341 3494 428 3550 sunt
448 3476 559 3573 positi
590 3476 791 3549 christiane
820 3475 1092 3573 amplectantur
1102 3504 1110 3562 ;
1130 3500 1205 3572 quo
1235 3475 1396 3549 maxime
1423 3500 1507 3571 spe·

245 3611 321 3667 ctat
344 3594 635 3669 sacratissimum
661 3619 755 3690 opus
775 3595 993 3667 missionum
1026 3593 1072 3665 ad
1101 3592 1249 3690 plebem
1273 3612 1310 3668 et
1330 3592 1507 3667 ruricolas

245 3710 465 3799 habitarum,
483 3738 627 3786 necnon
643 3731 743 3786 certe
763 3737 975 3786 recessuum
995 3712 1042 3784 ad
1061 3712 1218 3786 classem
1237 3713 1503 3808 operariorum.

296 3826 355 3927 B)
377 3830 571 3903 Imbuatur
590 3847 772 3926 praeterea
797 3830 978 3928 juventus
1003 3828 1175 3928 genuinis
1195 3848 1232 3902 et
1252 3830 1352 3925 puris
1372 3828 1505 3925 princi·

246 3947 316 4044 piis
333 3947 526 4022 catholicae
542 3948 720 4023 veritatis.

299 4066 350 4139 Et
378 4091 426 4140 ne
447 4066 702 4164 quotidianam
736 4067 880 4164 praxim
913 4065 1198 4162 praetermittere
1230 4064 1422 4139 videamur
1456 4065 1504 4138 ad

245 4183 521 4259 conclusionem
538 4186 801 4281 perveniamus
816 4182 1073 4281 particularem
1096 4183 1216 4280 magis
1231 4183 1338 4256 nobis
1351 4183 1505 4257 catholi-

244 4302 306 4389 cis,
348 4301 455 4376 nobis
490 4301 617 4402 Belgis
647 4304 682 4376 in
710 4302 966 4400 promovenda
999 4327 1110 4375 causa
1134 4301 1274 4375 Christi
1311 4319 1349 4375 et
1382 4300 1503 4375 Patris

246 4419 362 4494 nostri
382 4418 492 4493 valde
507 4420 776 4518 applicabilem

483 4569 667 4576 ——ss—-—
989 4567 1336 4574 ——-—-.-..—--.,..
1351 4567 1502 4576 *-

284 4641 305 4680 ι.
326 4627 442 4697 Encycl.
457 4629 626 4682 Humanum
643 4630 744 4696 Genus,
755 4644 789 4681 20
803 4629 890 4698 April.
909 4628 983 4692 1884.
