3496 5482
657 508 749 558 ΡΑΡΑ
777 508 836 558 SIT
864 509 939 557 REX
969 508 1096 560 ROMAE.

297 670 356 770 B)
377 671 463 769 lpsa
482 688 539 746 est
564 671 746 768 pernicies
765 673 801 746 in
818 690 1045 769 potestatem
1068 673 1291 770 Principum.

299 790 439 864 Nonne
458 789 600 888 perfida
614 790 913 877 arteMassones,
931 809 970 865 ut
983 793 1126 866 intenta
1141 790 1347 877 obtineant,
1370 789 1507 865 Eccle-

246 907 339 981 siam
358 907 457 1004 apud
481 907 641 1009 populos
660 907 820 982 ludibrio
838 927 876 981 et
895 908 1124 1007 contemptui
1144 933 1334 1005 exponere
1351 906 1477 984 solent
1499 937 1508 997 ;

246 1042 437 1122 postremo
468 1042 506 1099 et
533 1042 662 1100 contra
694 1025 953 1100 auctoritatem
973 1026 1161 1124 politicam
1198 1051 1348 1101 omnem
1385 1027 1507 1101 insut-

221 1128 225 1136 ¹
245 1143 369 1242 gunt?
389 1153 409 1183 ‘⁸
432 1142 658 1243 intelligitur
680 1144 886 1243 imperium,
908 1144 945 1218 in
964 1170 1040 1244 quo
1059 1146 1117 1232 sit,
1138 1144 1365 1244 quicumque
1383 1143 1414 1218 is
1432 1162 1504 1231 est,

247 1261 454 1335 ministrum
482 1287 565 1336 esse
588 1262 672 1337 Dei.
694 1262 944 1361 Quapropter,
966 1281 1152 1361 quatenus
1187 1261 1271 1335 finis
1299 1279 1338 1336 et
1370 1278 1505 1336 natura

244 1378 433 1459 societatis
448 1377 633 1454 humanae
651 1378 851 1476 postulant.
873 1379 1063 1479 legitimae
1080 1381 1258 1478 potestati
1277 1381 1374 1455 iusta
1393 1407 1500 1478 prae·

243 1495 394 1592 cipienti
408 1520 568 1594 aequum
587 1515 645 1572 est
660 1522 790 1594 parere
822 1499 978 1595 perinde
1004 1525 1046 1573 ac
1066 1498 1208 1573 numini
1226 1498 1352 1573 omnia
1370 1500 1500 1574 mode·

244 1614 359 1688 rantis
380 1614 454 1689 Dei
477 1614 667 1713 :illudque
687 1617 721 1690 in
742 1617 871 1714 primis
890 1643 912 1691 a
931 1618 1089 1693 veritate
1119 1618 1297 1692 abhorret
1316 1617 1353 1690 in
1372 1616 1502 1715 populi

243 1756 327 1806 esse
363 1731 555 1809 voluntate
584 1735 747 1831 positum
783 1735 1048 1823 obedientiam,
1073 1762 1156 1811 cum
1188 1735 1334 1811 libitum
1377 1735 1499 1822 luerit,

242 1849 403 1925 abiicere
417 1847 461 1949 (¹)
474 1852 503 1924 ’'.
520 1852 633 1947 Quod
653 1852 893 1927 nihilominus
912 1852 986 1928 alte
1006 1853 1209 1950 proclamat
1227 1872 1329 1928 secta
1351 1855 1500 1930 Masso·

243 1992 341 2052 num,
362 1995 445 2043 cum
465 1970 705 2045 rebellionem
733 1969 896 2046 officium
912 1971 1019 2045 bonis
1038 1972 1183 2046 civibus
1201 1972 1497 2047 sacratissimum

242 2103 379 2160 vocent
394 2085 447 2185 (²).

295 2204 328 2278 C
325 2204 346 2304 )
368 2206 456 2302 Ipsa
469 2224 527 2281 est
545 2206 727 2304 pernicies
745 2205 781 2279 in
801 2204 957 2280 salutem
978 2206 1174 2303 publicam.

295 2322 436 2399 Nonne
455 2324 587 2400 iterum
604 2324 729 2398 omnia
760 2342 974 2398 commovet
1001 2324 1119 2399 civilis
1137 2344 1176 2400 et
1200 2327 1412 2402 christianae
1437 2351 1498 2400 so·

241 2440 386 2516 cietatis
415 2468 504 2516 vera
528 2442 806 2517 fundamenta?
834 2441 937 2536 Quid
966 2462 1096 2517 contra
1131 2444 1306 2519 familiam
1336 2464 1373 2520 et
1391 2470 1499 2520 sacra

241 2575 354 2657 atque
381 2560 608 2637 inviolabilia
640 2563 863 2637 matrimonii
883 2565 978 2663 jura,
995 2564 1084 2661 quid
1103 2580 1233 2637 contra
1255 2563 1440 2662 justitiam
1459 2580 1499 2638 et
1519 2574 1524 2582 '

241 2700 364 2753 mores
383 2679 573 2765 honestos,
590 2680 680 2777 quid
710 2700 839 2755 contra
857 2681 1110 2756 harmonicam
1133 2681 1271 2754 civium
1291 2680 1497 2755 distinctio·

242 2821 326 2871 nem
347 2822 420 2871 non
442 2797 570 2873 molita
588 2817 646 2874 est
664 2800 807 2897 perfida
834 2819 936 2875 secta
956 2819 994 2875 ut
1017 2802 1110 2874 ordo
1139 2801 1361 2876 societatum
1390 2799 1495 2896 peni·

241 2932 300 2990 tus
328 2914 568 2991 subvertatur
585 2934 700 3015 atque
730 2936 949 3016 portentosa
978 2917 1161 2992 desolatio
1189 2915 1399 3002 socialismi,
1420 2913 1495 2989 col·

240 3031 436 3108 lectivismi
457 3052 493 3108 et
513 3036 774 3109 communismi
797 3035 969 3110 inlocum
989 3036 1129 3109 cedat?

292 3162 345 3223 12.
364 3150 425 3224 De
439 3151 540 3226 hisce
554 3154 725 3228 maximis
740 3154 910 3252 periculis
929 3154 1179 3229 doctrinarum
1193 3155 1229 3227 in
1242 3180 1334 3252 quas
1355 3177 1496 3227 masso·

241 3272 333 3346 nicae
362 3272 559 3368 opiniones
578 3276 741 3350 maxime
761 3274 951 3360 influxere,
972 3275 1139 3373 graviter
1161 3289 1288 3346 monet
1307 3269 1497 3358 Pontilex;

240 3407 298 3463 ast
330 3414 404 3463 non
436 3415 754 3487 supervacaneum
787 3393 933 3466 aestimo
952 3411 989 3465 et
1008 3398 1055 3466 ex
1075 3417 1140 3465 ore
1160 3391 1324 3487 ipsorum
1347 3388 1497 3462 Masso·
1546 3456 1550 3461 .

241 3535 328 3583 num
353 3508 521 3606 accipere
553 3513 744 3607 quomodo
776 3511 864 3584 nihil
902 3512 1091 3608 antiquius
1116 3509 1206 3608 ipsis
1231 3509 1279 3582 sit
1298 3533 1421 3606 quam,
1442 3507 1497 3581 uti

241 3627 377 3703 latetur
399 3629 569 3728 Lessing,
590 3627 770 3702 demolire
790 3649 828 3703 et
848 3629 1083 3715 reaedilicare,
1112 3624 1293 3701 demolire
1324 3624 1496 3698 nimirum

240 3762 359 3820 totum
379 3745 635 3843 organismum
669 3747 865 3842 praesentis
896 3747 1095 3832 societatis,
1117 3771 1159 3818 ac
1179 3741 1403 3819 reaedificare
1433 3767 1499 3815 no·

239 3890 326 3937 vam
345 3864 546 3961 quamdam
578 3863 735 3937 sormam
755 3864 802 3937 ad
821 3862 1014 3960 exemplar
1042 3863 1158 3960 ipsius
1189 3879 1303 3937 sectae
1331 3859 1498 3934 modula-

241 4000 318 4057 tam
339 3981 393 4083 ().
1505 4048 1509 4055 .

296 4103 370 4176 Hic
386 4100 566 4199 plurimos
584 4099 709 4174 forsan
729 4099 824 4198 lugit
842 4117 1075 4197 quantopere
1093 4116 1196 4172 secta
1221 4094 1498 4172 adlaboraverit

240 4220 324 4294 huic
344 4220 436 4293 lalso
454 4217 598 4315 spiritui
618 4218 870 4292 democratico
884 4235 948 4290 aut
961 4217 1083 4313 potius
1102 4215 1351 4314 demagogico
1365 4237 1498 4311 propa·

240 4339 366 4438 gando
401 4362 476 4435 quo
512 4336 846 4433 impraesentiarum
889 4336 1038 4431 penitus
1080 4334 1203 4408 cuncti
1244 4332 1375 4406 imbuti
1412 4348 1500 4405 sunt

281 4528 302 4568 t.
318 4511 434 4582 Encycl.
447 4514 617 4567 Humanum
633 4513 736 4579 Genus,
750 4526 786 4564 20
798 4512 866 4582 Apr.
884 4511 959 4576 1884.

275 4607 299 4647 2.
312 4592 412 4647 Fichte
425 4593 585 4662 apudssGyr,
599 4610 625 4663 p.
643 4607 652 4645 ι
658 4607 700 4660 30,
714 4608 740 4646 n.
759 4605 789 4657 17
803 4601 831 4646 et
843 4591 1043 4660 Heimburger‚
1057 4590 1134 4659 ibid,
1147 4607 1174 4660 p.
1187 4603 1230 4658 95.

277 4687 301 4748 3.
316 4672 440 4741 Onclair,
457 4688 483 4745 p.
498 4686 557 4741 304·
