3496 5482
260 483 685 495 m——am--mm-ae--Q
692 490 851 497 ......----.-..
863 491 1068 500 .„.—...--—--
1076 491 1164 499 --·-—·
1178 493 1336 503 -m-..aw
1343 496 1406 503 ——u
1415 491 1512 502 -—-——

707 551 828 604 CAPUT
854 553 1046 605 DECIMUM.

251 709 430 783 Nostram
460 711 686 807 pastoralem
717 713 978 787 auctoritatem
1002 730 1093 800 tuto,
1113 714 1292 810 expedite
1320 738 1363 787 ac
1396 714 1512 787 libere

248 827 399 903 minime
418 854 593 904 exercere
609 830 796 926 possimus
815 829 871 931 (¹).
887 831 903 858 ”

298 959 331 1020 3.
346 946 461 1044 Juvat
476 947 535 1021 hic
544 948 726 1045 quaedam
740 965 871 1023 notare
885 949 1123 1023 incommoda
1137 975 1222 1047 quae
1236 949 1406 1047 quotidie
1425 966 1512 1023 nata

247 1083 333 1139 sunt
351 1066 532 1142 obvenire
553 1066 723 1141 Pontifici
743 1093 789 1142 ex
809 1067 879 1141 hac
898 1067 1119 1143 intolerabili
1140 1068 1367 1143 conditione.

251 1171 254 1176 ⁴
301 1184 444 1259 Nuntia
473 1189 558 1282 quae
599 1185 660 1259 via
691 1184 825 1282 postali
856 1185 914 1259 vel
961 1185 1213 1285 telegraphica
1244 1187 1418 1284 excipere
1452 1203 1511 1261 est

246 1320 406 1387 coactus,
438 1328 618 1400 responsa
642 1322 679 1378 et
710 1304 850 1378 monita
879 1329 964 1401 quae
1000 1304 1163 1378 vicissim
1206 1305 1319 1380 mittit
1368 1305 1511 1378 cunctis

247 1420 420 1494 fidelibus
440 1421 554 1496 Orbis
570 1440 762 1507 terrarum,
781 1422 1014 1496 visitationes
1028 1448 1113 1520 quae
1131 1424 1179 1497 ad
1198 1423 1326 1497 limina
1346 1423 1510 1519 Aposto-

246 1539 366 1613 lorum
386 1540 551 1638 undique
570 1539 837 1626 fiunt,munera
856 1565 940 1637 quae
959 1540 1006 1614 ad
1020 1566 1106 1616 eum
1125 1566 1147 1615 a
1166 1541 1238 1638 piis
1256 1539 1340 1614 filiis
1360 1541 1510 1615 mittun-

247 1674 316 1743 tur,
337 1658 462 1732 omnia
481 1658 560 1733 haec
579 1678 616 1733 et
641 1657 787 1757 singula
807 1684 881 1732 non
914 1659 1132 1756 pertingunt
1155 1655 1511 1759 Pontificemcujus

247 1777 435 1874 proprium
452 1796 507 1851 est
527 1804 672 1851 summa
683 1778 853 1877 gaudere
866 1777 1256 1875 majestate,libertate
1275 1796 1312 1852 et
1332 1779 1509 1873 indepen-

246 1894 383 1981 dentia‚
404 1896 472 1969 nisi
498 1922 564 1994 per
593 1896 838 1970 ministerium
872 1914 910 1970 et
940 1922 1007 1994 per
1035 1922 1166 1970 manus
1196 1896 1302 1994 quasi
1327 1895 1509 1970 Gubernii

248 2013 409 2110 pessimi,
430 2013 542 2088 zelosi
560 2033 599 2089 et
618 2015 780 2088 maxime
799 2014 944 2087 hostilis
964 2015 1044 2112 ipsi.
1070 2055 1121 2067 -
1143 2015 1229 2088 Hac
1250 2015 1299 2089 de
1322 2040 1361 2088 re
1385 2031 1511 2111 potest

247 2133 423 2229 conqueri
456 2132 535 2208 Leo
561 2134 665 2207 Xlll
688 2133 796 2207 sicuti
817 2131 905 2206 olim
928 2132 1015 2205 Pius
1035 2133 1113 2207 Vll
1137 2133 1174 2206 in
1194 2133 1272 2230 pari
1293 2132 1510 2207 conditione

248 2249 415 2345 positus:
437 2261 457 2291 “
478 2252 671 2350 Occupata
692 2251 862 2325 videmus
882 2250 1088 2325 diribitoria
1106 2250 1312 2325 litterarum
1333 2269 1370 2325 et
1396 2269 1509 2337 metu,

246 2393 293 2441 an
314 2369 465 2465 pudore,
488 2396 534 2444 ne
559 2369 690 2445 litteris
710 2396 776 2467 per
798 2368 942 2443 ltaliam
969 2395 1012 2443 ac
1041 2367 1221 2467 reliquam
1244 2369 1436 2467 Europam
1464 2394 1509 2444 ea

246 2487 479 2583 perferantur
497 2514 581 2586 quae
607 2490 739 2562 Romae
772 2488 808 2561 vi
828 2505 958 2561 contra
972 2487 1036 2584 jus
1060 2487 1194 2585 sasque
1223 2504 1404 2586 geruntur
1425 2515 1433 2575 ;
1459 2531 1508 2544 -

245 2605 469 2680 constitutos
487 2607 550 2704 qui
569 2606 711 2681 litteras
737 2606 933 2704 resignent
950 2623 988 2680 et
1008 2622 1312 2703 perscrutentur:
1343 2603 1417 2679 fide
1443 2631 1509 2702 pu·

246 2722 340 2797 blica
360 2743 397 2798 et
411 2726 496 2822 jure
515 2725 685 2824 gentium
706 2724 960 2822 nequidquam
988 2723 1303 2821 conquerentibus
1321 2741 1358 2797 et
1381 2740 1509 2798 vetan-

249 2842 357 2916 tibus,

298 2971 317 3000 ‘⁸
333 2961 599 3059 Typographis
612 2960 745 3059 vigiles
759 2976 795 3033 et
810 2959 986 3034 custodes
999 2959 1259 3057 impositosne
1277 2958 1366 3057 quid
1385 2958 1509 3033 Nobis

246 3079 344 3176 typis
364 3080 475 3153 edere
490 3079 564 3152 ullo
585 3080 697 3153 modo
715 3079 851 3163 liceret,
870 3103 916 3152 ne
935 3078 1117 3164 subditos,
1135 3103 1182 3170 ne
1197 3076 1405 3152 Ecclesiam
1420 3076 1507 3151 allo·

246 3199 307 3294 qui
327 3224 369 3271 ac
389 3197 540 3271 faciliori
562 3198 704 3271 ratione
730 3221 927 3293 possemus
945 3224 952 3281 ς
972 3214 1012 3270 ut
1032 3197 1094 3294 qui
1114 3196 1207 3269 liber
1225 3212 1398 3294 typorum
1420 3220 1508 3269 usus

247 3315 465 3414 religionem
485 3317 647 3398 irridere,
664 3333 727 3389 aut
747 3339 968 3413 oppugnare
979 3314 1118 3389 valenti
1135 3332 1293 3412 negatur
1313 3312 1462 3398 nemini,
1477 3313 1508 3386 is

249 3434 370 3509 Nobis
389 3435 482 3520 unis,
503 3435 567 3532 qui
586 3433 805 3532 religionem
825 3433 919 3506 tueri
939 3450 976 3506 et
996 3432 1126 3507 lovere
1144 3432 1336 3517 debemus,
1356 3447 1507 3527 ereptus

246 3555 304 3627 sit.

296 3682 315 3710 “
333 3672 444 3745 Hanc
459 3672 578 3769 ipsam
590 3669 853 3744 allocutionem
872 3669 1109 3753 Nostram,ut
1129 3667 1282 3766 vulgare
1295 3692 1503 3765 possemus,

245 3791 410 3888 oportuit
428 3789 655 3863 scribentum
675 3813 800 3884 opera,
823 3812 897 3860 non
913 3786 1235 3884 typographorum
1256 3786 1308 3859 uti
1328 3783 1383 3885 (²).
1400 3786 1417 3814 ’'

302 3907 407 3982 ltalia
427 3909 604 3982 mentitur
622 3908 711 3979 dum
730 3905 862 3979 asserit
886 3904 1025 4000 Papam
1047 3904 1178 3978 haberi
1197 3929 1265 3978 ceu
1285 3928 1425 4002 regem,
1446 3902 1506 3977 vel

247 4028 450 4124 principem
470 4050 696 4123 supremum,
717 4043 755 4098 et
782 4023 1007 4096 Vaticanum
1026 4023 1193 4121 gaudere
1220 4022 1381 4119 quadam
1403 4031 1424 4060 ‘⁸
1443 4046 1507 4095 ex·

246 4144 534 4219 territorialitate
546 4144 574 4218 ’'.
599 4143 670 4217 Est
689 4142 790 4216 fictio
803 4142 900 4240 juris
918 4140 1149 4215 contradicta
1168 4167 1189 4214 a
1208 4139 1315 4213 sactis
1327 4137 1392 4239 (³)!

284 4391 304 4431 1.
326 4375 393 4430 Pius
408 4377 459 4441 IX,
473 4376 590 4444 Encycl.
607 4389 617 4429 1
634 4375 708 4430 Nov.
725 4374 802 4441 1870.

280 4472 304 4510 2.
318 4457 408 4511 Alloc.
434 4457 465 4508 16
480 4456 563 4509 Mart.
581 4454 656 4510 1808.

280 4551 304 4604 3.
318 4536 334 4563 “
351 4537 374 4590 ll
392 4536 481 4589 existe
494 4535 521 4588 la
542 4552 576 4588 en
592 4536 724 4604 pn'ncipe
736 4550 791 4588 une
812 4531 1007 4588 souverainetd
1022 4529 1233 4602 independente
1245 4539 1274 4585 et
1287 4527 1366 4596 libre,
1379 4527 1452 4582 mais
1471 4544 1505 4582 en

240 4617 298 4684 salt
310 4617 377 4670 c’est
395 4632 450 4669 une
467 4631 535 4683 pure
548 4615 730 4667 abstraction.
744 4614 782 4667 Le
795 4613 905 4666 Pontise
919 4611 1027 4666 romain
1041 4622 1084 4665 est
1105 4627 1142 4664 un
1162 4609 1201 4663 roi
1218 4626 1284 4663 sans
1298 4620 1370 4664 terre
1390 4618 1417 4662 et
1438 4624 1505 4662 sans

241 4695 338 4765 sujets,
348 4694 418 4749 dont
431 4695 472 4749 les
490 4693 582 4747 mains
596 4704 661 4747 sont
673 4693 742 4749 lices
755 4693 828 4746 dans
841 4691 986 4748 l'exercice
1003 4691 1041 4746 du
1059 4689 1185 4761 pouvoir.
1202 4688 1330 4759 Royaut6
1355 4698 1506 4759 purement
