3496 5482
202 495 533 504 —————-—-—
544 494 656 502 .-—--

674 556 796 608 cucur
823 557 987 609 PRIMUM.
1418 564 1462 633 19

202 718 274 793 ulla
288 720 296 795 t
312 720 331 748 '⁹
349 747 397 796 en
414 720 619 809 clamor,en
636 721 875 807 vociferatio;
894 749 940 797 en
959 722 1068 795 simul
1088 749 1326 824 programma
1345 725 1461 800 socia·

201 834 382 914 Iistarum.

254 968 276 999 “
299 959 330 1033 Ii
349 959 522 1034 nimirum
537 952 635 1046 sunt,
654 958 774 1033 —ait
804 959 884 1032 Leo
909 959 1029 1045 XIII,
1050 1003 1098 1015 —
1113 961 1187 1057 qui,
1209 978 1319 1057 prout
1334 962 1461 1036 divina

202 1093 385 1151 testantur
414 1076 571 1176 eloquia,
598 1103 746 1152 carnem
774 1078 920 1174 quidem
952 1078 1149 1165 maculant,
1178 1078 1460 1155 domr'rtatz'onem

198 1205 386 1292 spernunt,
408 1196 634 1270 mar'estotem
652 1205 774 1270 autem
792 1195 1044 1292 blasphemant
1062 1194 1116 1294 (¹).

252 1324 273 1352 ‘⁸
295 1313 411 1400 Nihil,
432 1315 533 1412 quod
552 1315 724 1388 humanis
743 1314 956 1411 divinisque
967 1311 1114 1412 legibus
1133 1316 1297 1390 advitae
1320 1315 1458 1391 incolu-

202 1434 367 1509 mitatem
387 1452 424 1509 et
443 1435 557 1509 decus
576 1435 767 1532 sapienter
784 1434 976 1508 decretum
996 1451 1063 1519 est,
1089 1433 1267 1508 intactum
1287 1434 1347 1509 vel
1367 1436 1459 1511 inte·

200 1577 308 1651 grum
328 1550 551 1650 relinquunt.

253 1680 274 1708 ‘⁸
293 1669 582 1745 Sublimioribus
605 1670 864 1767 potestatibus
894 1669 1029 1766 quibus
1060 1667 1247 1766 Apostolo
1270 1688 1458 1758 monente,

200 1816 349 1866 omnem
378 1792 540 1866 animam
560 1792 669 1867 decet
698 1817 781 1866 esse
810 1790 1027 1877 subiectam,
1057 1815 1230 1893 quaeque
1246 1816 1269 1863 a
1292 1790 1378 1865 Deo
1402 1790 1459 1865 ius

201 1909 405 2008 imperandi
425 1929 651 1996 mutuantur,
673 1909 927 1984 obedientiam
956 1910 1177 1995 detrectant,
1198 1927 1235 1983 et
1255 1908 1458 2005 perlectam

200 2029 366 2103 omnium
394 2029 586 2103 hominum
607 2029 642 2101 in
663 2027 803 2102 iuribus
822 2046 859 2102 et
878 2026 1010 2102 officiis
1025 2026 1242 2122 praedicant
1258 2025 1457 2124 aequalita-

202 2168 287 2223 tem.
738 2222 741 2226 .

255 2272 275 2300 ‘⁴
299 2262 361 2335 lus
397 2260 645 2358 proprietatis,
681 2258 836 2334 naturali
869 2259 953 2358 Iege
984 2258 1179 2345 sancitum,
1213 2257 1459 2358 impugnant3

200 2380 380 2478 quidquid
399 2398 463 2453 aut
482 2378 671 2478 legitimae
699 2378 939 2453 haereditatis
969 2376 1086 2464 titulo,
1120 2396 1184 2450 aut
1216 2376 1356 2476 ingenii
1381 2402 1457 2451 ma·

201 2523 389 2595 nuumque
402 2496 539 2583 labore,
553 2515 618 2571 aut
633 2497 753 2572 victus
768 2496 993 2593 parsimonia
1004 2494 1231 2593 adquisitum
1244 2513 1312 2581 est,
1326 2520 1458 2594 rapere

200 2635 238 2690 et
256 2641 456 2690 commune
475 2615 614 2689 habere
633 2615 865 2689 contendunt
886 2612 939 2713 (²).
961 2614 977 2641 ''

251 2735 393 2808 Contra
410 2734 505 2808 hanc
528 2731 793 2830 “perfidorum
813 2731 1005 2805 hominum
1025 2730 1229 2817 audaciam,
1250 2757 1347 2829 quae
1358 2731 1457 2806 civili

198 2854 386 2928 consortio
404 2853 598 2953 graviores
618 2853 655 2925 in
675 2852 755 2926 dies
775 2852 899 2925 ruinas
919 2851 1119 2936 minitatur,
1137 2870 1175 2925 et
1193 2854 1360 2926 omnium
1380 2852 1457 2926 ani-

199 2999 281 3048 mos
300 2973 456 3048 sollicita
474 2973 723 3071 trepidatione
741 2972 907 3071 percellit
923 2970 976 3071 (³),
991 2973 998 2999 '
1016 2998 1090 3047 non
1106 2973 1216 3046 datur
1227 2971 1327 3046 aliud
1340 2998 1457 3047 reme·

199 3094 300 3168 dium
332 3120 375 3167 ac
397 3092 555 3193 Religio,
581 3119 647 3167 seu
673 3093 842 3168 Ecclesia
867 3092 1049 3167 catholica
1073 3120 1192 3191 eaque
1223 3092 1457 3167 circumfulsa

198 3214 299 3287 omni
318 3211 518 3310 splendore
546 3236 625 3298 suu,
653 3211 869 3308 plenissima
896 3211 1077 3298 libertate,
1096 3211 1368 3308 perfectissimo
1387 3237 1455 3284 usu

198 3330 341 3427 jurium.

248 3449 326 3525 Sed
353 3449 479 3546 procul
500 3449 608 3523 abest
632 3467 671 3523 ut
690 3449 885 3547 splendeat
919 3446 1089 3521 Ecclesia
1108 3448 1234 3520 divina
1254 3474 1321 3520 sua
1342 3448 1454 3545 maje-

197 3586 294 3643 state
312 3568 421 3655 civili,
442 3595 516 3667 qua
531 3569 710 3665 providus
732 3568 838 3641 Deus
858 3585 942 3664 post
961 3556 1168 3664 periculosa
1186 3566 1316 3664 primae
1334 3567 1455 3640 aetatis

197 3686 410 3761 discriinina
428 3713 511 3761 eam
530 3686 652 3761 ornari
669 3686 802 3770 voluit;
823 3709 896 3757 non
917 3702 973 3759 est
993 3685 1029 3757 in
1044 3710 1112 3757 usu
1133 3683 1359 3780 plenissimae
1377 3710 1455 3757 suae

196 3803 386 3891 libertatis
415 3831 490 3879 non
518 3823 736 3902 potensest
772 3802 972 3878 efficaciter
1003 3829 1135 3900 urgere
1161 3804 1244 3900 jura
1271 3820 1308 3876 et
1333 3801 1455 3875 officia

197 3948 264 3996 sua
291 3922 488 4019 implenda,
507 3923 685 4020 quamdiu
702 3923 825 4018 Caput
853 3922 943 4020 ejuS,
978 3922 1082 4018 cujus
1112 3946 1268 4018 regnare
1299 3940 1356 3994 est
1376 3939 1453 3993 tan·

196 4066 308 4138 quam
331 4041 414 4116 Rex
429 4041 697 4139 independens
719 4058 887 4115 econtra
906 4040 954 4114 de
973 4039 1070 4113 lacto
1089 4066 1111 4111 a
1130 4039 1339 4112 massonica
1353 4056 1454 4112 secta

197 4176 344 4233 tenetur
362 4160 542 4258 captivus.

257 4278 420 4375 Oportet
456 4304 548 4378 ergo
592 4296 632 4353 ut
675 4279 904 4364 restituatur,
952 4296 989 4351 et
1035 4277 1186 4374 quidem
1231 4275 1453 4373 quantocius

198 4395 336 4470 Christi
356 4397 506 4471 Vicario
521 4398 727 4472 dominium
748 4397 963 4495 temporale.
976 4396 1117 4469 Poterit
1133 4415 1220 4469 tunc
1239 4420 1323 4468 cum
1339 4394 1452 4490 maje-

197 4519 535 4623 ’Istrthvir'tss
561 4524 607 4530 “”

232 4649 256 4784 Ξ.
276 4635 393 4768 prycl.
409 4638 494 4706 Quod
500 4638 665 4708 Apostolicr}
680 4638 714 4691 28
730 4640 798 4692 Dec.
816 4637 891 4702 1878.
