3496 5482
617 561 737 613 cneus
766 561 934 612 suxrun.
1338 555 1406 626 127
1475 551 1478 563 ¹

205 731 225 760 ‘⁶
248 721 446 795 Praeterea
463 719 525 816 qui
544 718 708 817 cooptati
735 699 823 790 sunt
841 717 1059 814 promittant
1077 741 1120 789 ac
1147 715 1326 813 recipiant
1345 739 1406 789 ne-

153 849 299 913 “cesse
328 855 395 924 est,
416 837 573 911 ducibus
592 862 634 910 ac
655 835 841 934 magistris
865 861 906 908 se
925 834 1025 909 dicto
1043 834 1247 908 audientes
1264 833 1407 908 futuros

154 967 176 997 “
194 982 277 1030 cum
293 955 475 1053 obsequio
490 954 638 1052 fideque
653 954 816 1028 maxima
834 953 901 1027 :ad
917 950 1121 1051 quemlibet
1133 977 1261 1027 eorum
1277 971 1407 1026 nutum

153 1074 582 1173 “significationemque
611 1091 770 1171 paratos,
808 1072 988 1169 imperata
1020 1070 1207 1145 facturos:
1234 1070 1265 1143 si
1301 1094 1408 1145 secus

154 1203 174 1232 “
193 1192 358 1278 fecerint,
380 1212 458 1265 tum
488 1191 568 1265 dira
586 1190 711 1265 omnia
739 1217 781 1263 ac
801 1208 959 1263 mortem
985 1189 1103 1286 ipsam
1132 1213 1206 1263 non
1227 1213 1407 1264 recusare.

154 1323 174 1352 ‘⁸
199 1313 350 1387 Revera
369 1312 399 1385 si
418 1311 482 1408 qui
514 1311 724 1408 prodidisse
753 1309 998 1407 disciplinam,
1021 1309 1080 1383 vel
1101 1307 1288 1383 mandatis
1307 1310 1409 1383 resti-

156 1441 177 1471 “
198 1431 288 1505 tisse
315 1430 536 1517 iudicentur,
558 1428 780 1532 supplicium
812 1430 860 1503 de
890 1430 934 1504 iis
967 1455 1041 1503 non
1074 1454 1158 1503 raro
1186 1429 1353 1515 sumitur,
1373 1446 1411 1502 et

157 1559 178 1588 “
196 1548 352 1623 audacia
370 1548 521 1645 quidem
551 1573 594 1621 ac
625 1548 850 1623 dexteritate
879 1565 982 1621 tanta
1000 1564 1041 1621 ut
1067 1546 1348 1645 speculatricem
1369 1572 1411 1620 ac

158 1676 177 1706 ‘⁴
198 1666 386 1741 vindicem
405 1665 587 1740 scelerum
607 1666 785 1741 iustitiam
804 1666 958 1740 sicarius
977 1690 1160 1763 persaepe
1179 1663 1280 1739 sallat
1301 1662 1356 1764 (¹).

208 1793 366 1890 “Atqui
386 1791 560 1866 simulare
591 1811 628 1866 et
658 1791 755 1867 velle
775 1793 811 1865 in
830 1791 976 1866 occulto
998 1791 1113 1866 latere
1131 1818 1138 1878 3
1157 1790 1314 1889 obligari
1342 1790 1412 1863 sibi

157 1922 179 1951 “
197 1911 381 1999 homines,
401 1930 591 2010 tamquam
621 1914 816 2010 mancipia,
838 1914 1077 1988 tenacissimo
1105 1938 1214 2000 nexu,
1236 1938 1304 1987 nec
1322 1913 1413 1985 satis

158 2041 179 2071 ‘⁴
197 2030 384 2106 declarata
402 2057 533 2106 caussa
551 2061 558 2121 ;
573 2033 696 2108 alieno
712 2033 881 2108 addictos
900 2034 1053 2107 arbitrio
1067 2034 1115 2106 ad
1134 2058 1246 2106 omne
1271 2030 1413 2106 facinus

158 2163 179 2191 “
198 2149 376 2224 adhibere
392 2179 399 2237 ;
414 2175 560 2227 armare
582 2154 629 2227 ad
648 2153 804 2227 caedem
819 2153 982 2240 dextras,
1004 2151 1175 2250 quaesita
1193 2151 1415 2250 impunitate

157 2283 178 2311 ‘⁸
198 2273 385 2370 peccandi,
421 2266 641 2347 immunitas
677 2275 862 2371 quaedam
881 2291 949 2360 est,
984 2298 1097 2371 quam
1132 2299 1254 2348 rerum
1284 2291 1415 2346 natura

160 2401 179 2430 “
199 2417 273 2466 non
292 2393 440 2489 patitur.
458 2390 700 2489 Quapropter
717 2393 948 2480 societatem,
963 2392 1011 2467 de
1029 2417 1103 2490 qua
1121 2391 1317 2490 loquimur,
1331 2417 1415 2466 cum

161 2519 180 2548 ‘⁸
201 2509 342 2583 iustitia
365 2527 403 2584 et
423 2508 580 2584 naturali
600 2509 798 2585 honestate
816 2535 995 2610 pugnare,
1015 2510 1108 2584 ratio
1126 2528 1164 2584 et
1182 2510 1321 2584 veritas
1337 2509 1418 2608 ipsa

160 2635 181 2664 ⁴⁶
202 2627 400 2702 convincit.

211 2761 231 2789 ‘⁸
253 2751 313 2826 Eo
332 2752 392 2827 vel
427 2754 558 2850 magis,
579 2754 679 2850 quod
701 2753 816 2850 ipsius
835 2771 1005 2828 naturam
1025 2754 1072 2828 ab
1097 2752 1294 2829 honestate
1307 2753 1415 2828 dissi·

159 2868 363 2958 “dentem
382 2869 453 2943 alia
479 2895 630 2967 quoque
648 2888 870 2969 argumenta
891 2872 1100 2969 eademque
1118 2870 1273 2945 illustria
1292 2872 1415 2945 redar-

161 2997 182 3026 “
201 3006 332 3086 guunt.
357 2988 411 3063 Ut
442 2989 542 3062 enim
575 3013 714 3086 magna
741 2989 789 3062 sit
818 2990 855 3062 in
883 2989 1099 3064 hominibus
1118 2989 1255 3063 astutia
1273 2988 1418 3063 celandi

161 3107 510 3204 “consuetudoque
542 3108 757 3193 mentiendi,
781 3109 860 3182 fieri
880 3126 1005 3183 tamen
1024 3133 1099 3183 non
1119 3124 1253 3206 potest,
1275 3126 1316 3181 ut
1332 3134 1419 3182 una·

161 3232 180 3263 ‘⁶
199 3248 371 3322 quaeque
390 3250 522 3298 caussa
541 3250 588 3299 ex
609 3226 652 3298 iis
682 3224 803 3312 rebus,
825 3251 980 3324 quarum
1007 3251 1138 3300 caussa
1157 3243 1223 3313 est,
1243 3224 1363 3322 qualis
1382 3227 1420 3299 in

163 3351 184 3380 ‘⁴
202 3366 244 3414 se
262 3341 319 3427 sit,
342 3368 416 3415 non
438 3342 562 3440 aliqua
581 3343 725 3417 ratione
743 3360 933 3440 appareat.
951 3343 1044 3419 Non
1062 3353 1181 3441 potest
1199 3343 1313 3417 arbor
1330 3343 1421 3417 bonu
1495 3363 1498 3367 ’

162 3466 183 3495 “
201 3457 315 3531 mulos
322 3457 481 3553 fructus
487 3460 619 3556 facere
631 3489 645 3543 ,·
662 3487 773 3558 neque
790 3461 904 3535 arbor
920 3462 1021 3535 mala
1038 3462 1144 3536 bonos
1150 3462 1309 3558 fructus
1315 3462 1421 3558 fuce-

164 3584 185 3614 “
204 3601 245 3648 re
263 3573 317 3675 (²).
345 3578 505 3653 Fructus
524 3597 649 3654 autem
668 3599 771 3655 secta
793 3583 1015 3656 Massonum
1033 3582 1265 3680 perniciosos
1286 3582 1419 3682 gignit,

200 3835 221 3874 r.
236 3821 329 3890 Quam
343 3834 450 3878 vernet
471 3835 605 3880 accurata
627 3827 684 3880 sint
706 3828 768 3881 haec
783 3828 951 3883 sanctitatis
974 3828 1038 3882 Suae
1058 3829 1094 3883 de
1109 3826 1277 3882 massonicis
1291 3827 1423 3882 vindictis

168 3900 262 3967 effata,
270 3902 406 3970 probatur
420 3905 463 3958 vel
477 3921 511 3959 ex
523 3905 600 3959 sacto
614 3906 742 3976 sequenti
757 3924 763 3960 :
975 3954 978 3958 r

200 3980 216 4007 ‘⁴
228 3981 272 4033 En
290 3982 357 4050 1736
371 3999 408 4036 un
422 3984 541 4053 anglais,
555 3985 670 4039 nomme
693 3985 828 4053 Richard‚
842 3986 872 4040 fit
896 3985 1041 4056 imprimet
1054 3987 1072 4040 a
1086 3986 1180 4057 Liege,
1194 4004 1231 4041 un
1251 4003 1375 4057 ouvrage
1387 3986 1424 4041 οὺ

168 4059 187 4112 il
200 4060 317 4114 revelait
331 4063 372 4115 les
386 4063 523 4131 mysteres
539 4064 590 4118 des
608 4064 712 4133 grades
725 4065 883 4119 inferieurs.
898 4066 938 4120 Ce
953 4065 1136 4121 malheureux
1148 4067 1189 4121 sut
1208 4065 1275 4120 salsi
1290 4067 1326 4121 de
1339 4067 1425 4134 force,

167 4149 195 4193 et
209 4139 325 4194 conduit
339 4142 366 4195 la
377 4142 436 4196 nuit
460 4143 532 4197 dans
545 4144 572 4197 la
584 4143 694 4213 grande
709 4145 772 4213 loge
794 4145 830 4198 dc
845 4145 972 4199 Londres
986 4144 1022 4198 οὺ
1043 4163 1073 4201 se
1094 4146 1252 4200 trouvaient
1276 4163 1312 4200 un
1333 4145 1424 4215 grand

164 4218 283 4273 nombre
297 4220 333 4275 de
346 4221 433 4276 freres
448 4242 454 4286 ;
472 4239 509 4276 on
532 4222 570 4276 lui
592 4223 713 4277 arracha
730 4224 757 4276 la
778 4223 880 4292 langue
891 4225 1003 4293 jusqu’a
1026 4243 1058 4279 sa
1076 4226 1182 4292 racine,
1196 4227 1259 4294 puis
1281 4226 1307 4279 le
1327 4242 1425 4288 coeur;

165 4297 249 4367 apres
262 4299 329 4368 quoi
342 4317 378 4354 on
389 4303 414 4354 le
428 4302 514 4355 laissa
528 4304 622 4370 pendu
633 4304 651 4355 a
664 4319 701 4355 un
714 4304 776 4356 clou
791 4302 917 4371 pendant
927 4314 987 4357 tout
1007 4305 1032 4358 le
1046 4315 1139 4374 temps
1153 4321 1207 4375 que
1221 4305 1291 4358 dura
1302 4305 1329 4358 la
1342 4316 1427 4359 tenue

166 4378 202 4430 de
216 4379 243 4431 la
256 4379 320 4447 loge
334 4399 341 4444 ;
354 4380 464 4435 ensuite
477 4398 514 4434 on
527 4381 608 4435 brfila
622 4382 648 4436 le
662 4381 784 4435 cadavre
804 4393 832 4436 et
849 4399 885 4435 on
909 4400 944 4436 en
959 4383 1089 4453 repandit
1103 4385 1144 4438 les
1158 4385 1277 4439 cendres
1298 4401 1334 4437 au
1352 4393 1427 4437 vent.

167 4458 274 4510 Toutes
288 4460 329 4512 les
343 4460 421 4527 loges
435 4460 526 4513 forent
540 4461 691 4515 intormees
705 4461 741 4514 de
764 4471 838 4514 cette
851 4461 1008 4528 execution,
1022 4463 1091 4515 dont
1102 4464 1141 4516 les
1153 4470 1270 4516 auteurs
1286 4464 1430 4530 nesurenl

163 4540 220 4605 pas
232 4537 317 4590 adme
330 4539 493 4592 recherchls.
502 4540 517 4567 '¹
530 4540 627 4607 (Card.
642 4540 1168 4611 Dechamps,LaFrom-musonneriq
1178 4543 1286 4613 chapl.
1302 4543 1429 4596 OEuvres

168 4616 277 4683 compl,
291 4627 311 4672 t.
326 4619 377 4686 IX,
391 4635 417 4688 p.
432 4618 487 4683 20).

208 4709 233 4748 2.
245 4696 362 4765 Mami„
376 4698 445 4764 Vll,
463 4697 501 4750 18.
