3496 5482
182 514 953 528 —-.-——---—----...-...———-——------—

633 581 758 634 canor
783 579 976 646 Qururuu.
1387 575 1433 644 91

186 743 298 841 Papa,
319 741 432 841 longe
450 767 534 817 esse
552 741 739 816 diversam
759 763 781 815 a
793 742 1009 840 juramento
1028 739 1076 815 de
1104 764 1179 813 non
1198 735 1435 840 infeodanpdo,

182 888 257 960 quo
274 889 316 938 se
334 863 571 961 adstringunt
593 861 739 937 Praelati
759 861 951 937 inferiores
969 857 1026 960 (¹).

234 997 268 1059 6.
286 992 305 1021 “
322 980 419 1077 Quae
436 981 644 1079 generatim
658 980 708 1056 de
726 978 824 1054 civili
846 978 1072 1053 Pontificum
1095 977 1308 1075 Principatu
1321 976 1437 1051 disse·

181 1117 321 1187 runtur‚
342 1101 474 1174 eadem
506 1099 698 1195 speciatim
717 1116 756 1172 et
779 1097 931 1195 quidem
959 1097 1099 1194 potiori
1126 1096 1204 1171 iure
1223 1094 1437 1191 praecipua·

181 1243 255 1316 que
274 1216 417 1292 ratione
436 1216 485 1291 de
507 1216 613 1292 Urbe
634 1217 757 1290 Roma
774 1214 899 1290 valere
917 1215 1155 1291 affirmamus.

233 1338 332 1412 “Ad
356 1338 446 1436 quid
468 1363 513 1412 ea
532 1337 640 1416 luerit
658 1337 838 1411 divinitus
862 1337 1052 1411 destinata
1079 1337 1116 1409 in
1148 1336 1322 1411 universa
1357 1336 1437 1408 eius

180 1454 335 1531 historia
354 1454 463 1553 plane
481 1480 523 1529 ac
554 1454 716 1530 dilucide
743 1454 956 1553 perlegitur.
979 1454 1311 1551 Quemadmodum
1336 1452 1436 1527 enim

180 1575 217 1648 in
245 1574 389 1663 arcanis
434 1574 584 1648 divinae
622 1573 887 1648 Providentiae
920 1572 1088 1648 consiliis
1117 1597 1248 1646 omnes
1285 1571 1436 1644 humani

182 1711 339 1768 eventus
357 1693 406 1766 ad
425 1692 616 1766 Christum
632 1692 786 1789 eiusque
808 1690 1017 1766 Ecclesiam
1040 1691 1200 1766 ordinati
1215 1691 1372 1777 suerunt,
1385 1690 1439 1762 sic

184 1812 306 1887 Roma
324 1829 433 1887 vetus
452 1811 608 1910 eiusque
639 1812 834 1909 imperium
866 1838 934 1910 pro
965 1814 1087 1887 Roma
1118 1811 1319 1886 christiana
1348 1827 1436 1885 sunt

179 1932 392 2029 constituta
409 1932 492 2008 Nec
511 1932 592 2006 sine
611 1930 762 2028 speciali
778 1932 851 2006 Dei
867 1931 1019 2005 numine
1037 1931 1084 2005 ad
1105 1930 1203 2004 illam
1219 1929 1435 2005 idololatrae

179 2051 280 2124 orbis
295 2047 530 2148 metropolim
554 2051 594 2123 B.
619 2050 761 2135 Petrus,
784 2048 1054 2146 Apostolorum
1082 2049 1265 2147 princeps,
1285 2072 1436 2147 gressus

181 2169 268 2267 egit,
291 2187 330 2243 ut
351 2169 519 2244 eiusdem
549 2168 683 2243 Pastor
705 2169 894 2255 evaderet,
925 2168 1035 2265 eique
1060 2167 1224 2264 supremi
1252 2163 1436 2264 apostola·

179 2302 240 2360 tus
258 2287 517 2362 auctoritatem
532 2287 569 2360 in
582 2303 802 2384 perpetuum
817 2285 1095 2360 transmitteret.
1105 2285 1226 2359 Roma
1242 2310 1330 2360 vere
1349 2284 1436 2358 urbs

180 2422 335 2480 aeterna
353 2430 427 2479 non
446 2406 570 2479 amisit
584 2404 880 2479 dominationem
900 2429 1006 2479 suam
1027 2402 1270 2501 temporalem
1291 2404 1327 2477 in
1346 2427 1438 2502 gen·

181 2540 239 2598 tes
254 2523 324 2597 nisi
343 2541 383 2598 ut
402 2523 631 2621 spiritualem
650 2524 834 2620 acciperet
852 2549 874 2596 a
894 2523 1055 2596 Christo.

232 2659 266 2726 7.
289 2656 310 2686 ‘⁴
332 2647 346 2719 l
354 2664 390 2720 ta
412 2646 605 2720 Romanae
624 2645 787 2719 civitatis
814 2662 944 2730 sortes,
965 2668 1071 2718 sacra
1100 2643 1261 2742 quadam
1295 2642 1439 2717 ratione

180 2784 293 2862 atque
307 2762 650 2846 indissolubilicum
663 2764 753 2838 Iesu
771 2764 937 2837 Cunrsru
957 2762 1097 2836 Vicarii
1114 2761 1277 2836 sortibus
1291 2763 1439 2836 luerunt

180 2881 386 2982 colligatae.
401 2881 528 2977 Quum
549 2880 820 2956 Constantinus
838 2882 1004 2979 Magnus
1023 2881 1069 2953 ad
1090 2880 1386 2955 transferendam
1401 2880 1438 2953 in

183 3002 378 3076 Orientem
405 3001 565 3076 Romani
589 3001 733 3098 imperii
779 3000 909 3075 sedem
939 3001 1127 3075 convertit
1159 3001 1336 3087 animum,
1358 2997 1438 3075 sine

182 3121 254 3196 ulla
273 3122 407 3197 erroris
423 3121 621 3196 formidine
632 3120 731 3196 credi
746 3120 986 3219 potest,illum
1006 3121 1157 3195 divinae
1174 3122 1439 3198 Providentiae

182 3267 293 3315 manu
312 3242 591 3340 quodammodo
603 3244 753 3317 ductum
774 3243 982 3340 fuissequo
999 3241 1130 3317 melius
1142 3243 1270 3317 divina
1285 3244 1439 3319 consilia

182 3385 294 3457 super
315 3362 475 3435 Romam
498 3361 721 3435 Pontificum
742 3360 1029 3458 complerentur.

235 3489 256 3519 ‘⁶
278 3479 526 3578 Exploratum
541 3498 598 3554 est
631 3499 767 3567 autem,
790 3499 876 3578 post
895 3480 993 3554 illam
1013 3482 1206 3578 epocham,
1229 3500 1438 3580 temporum

182 3618 294 3696 atque
325 3599 583 3673 adiunctorum
616 3600 745 3698 gratia,
774 3600 928 3674 omnino
953 3617 1098 3697 sponte,
1120 3600 1202 3675 sine
1234 3601 1439 3699 cuiuspiam

182 3716 324 3803 iniuria,
350 3735 464 3815 atque
495 3717 690 3792 obnitente
723 3719 883 3804 nemine,
900 3719 1031 3809 >modis
1067 3718 1231 3816 denique
1259 3745 1439 3818 perquam

181 3833 367 3934 legitimis,
391 3836 583 3910 Romanos
605 3836 805 3910 Pontifices
824 3836 903 3910 eius
927 3836 1042 3910 Urbis
1074 3837 1293 3910 Dominium
1327 3840 1438 3914 etiam

181 3953 300 4039 civile,
322 3972 450 4027 nactos
468 3979 552 4028 esse
570 3972 684 4050 atque
703 3955 750 4028 ad
771 3954 862 4029 haec
876 3980 994 4051 usque
1022 3973 1191 4050 tempora
1218 3956 1436 4032 obtinuisse.

225 4072 368 4151 8.“Hic
388 4071 586 4147 verohaud
606 4098 744 4169 operae
763 4072 924 4169 pretium
939 4099 1022 4146 esse
1035 4099 1230 4149 recensere
1250 4075 1438 4149 existima·

183 4216 265 4266 mus
285 4192 446 4266 maxima
465 4193 758 4291 beneficia‚quae
769 4195 928 4267 Romani
941 4195 1141 4269 Pontifices
1158 4194 1241 4269 huic
1260 4196 1330 4271 sibi
1350 4223 1439 4294 prae

182 4311 338 4385 caeteris
357 4311 452 4384 adeo
463 4310 621 4385 dilectae
632 4313 772 4386 civitati
787 4331 1237 4412 compararunt,quaeque
1248 4316 1438 4414 ceteroqui

183 4427 442 4503 indelebilibus
467 4428 742 4504 characteribus
761 4431 798 4504 in
825 4431 1076 4506 monumentis
1094 4432 1260 4505 omnium
1275 4433 1439 4509 saeculo·

183 4573 263 4621 rum
299 4547 436 4643 scripta
472 4566 651 4642 prostant.
694 4549 1024 4645 Supervacaneum
1068 4549 1156 4623 item
1191 4567 1248 4624 est
1285 4550 1438 4627 innuere

1372 4699 1437 4708 —--=

222 4759 243 4798 1.
265 4746 295 4798 L.
309 4762 342 4814 c.‚
355 4755 387 4800 n⁰
403 4762 441 4801 η.
