3496 5482
235 463 316 474 ...ο

590 521 712 573 CAPUT
738 520 919 572 DECIMUM
945 517 1143 584 QUARTUM.
1425 521 1497 594 343

292 693 327 767 E
361 711 489 769 contra
522 693 749 792 elongantur
777 709 815 766 et
843 687 1101 765 abalienantur
1121 688 1255 762 domus
1281 713 1325 762 ac
1350 684 1500 762 Iamiliae

242 812 355 912 regiae
379 815 427 889 ab
445 815 528 890 aula
550 814 677 901 ltaliae,
700 815 750 890 ita
769 831 809 888 ut
828 811 959 888 solium
979 811 1061 911 ejus
1079 808 1282 883 ascendere
1307 824 1371 881 aut
1388 805 1501 907 hujus

248 933 447 1032 participes
476 934 556 1010 lieri
586 934 693 1034 quasi
721 933 987 1008 abhorrescere
1015 929 1221 1004 videantur.
1244 915 1517 1004 Nihilominus*

241 1080 365 1130 nonne
385 1055 511 1131 omnia
530 1056 689 1130 tentavit
708 1055 883 1130 miserum
897 1052 984 1128 illud
1000 1077 1167 1151 regnum,
1184 1075 1309 1125 nonne
1327 1046 1499 1124 maximis

244 1175 454 1272 sumptibus
467 1175 654 1250 curavitut
666 1176 799 1273 cuique
812 1173 952 1249 nationi
963 1172 1094 1246 alienae
1108 1167 1500 1255 serviret‚aedilicando

242 1291 409 1383 classem,
434 1294 686 1393 comparando
716 1295 844 1392 copias
880 1293 1103 1376 innumeras,
1128 1288 1367 1387 suscipiendo
1402 1284 1500 1361 bella

243 1413 465 1510 gravissima
487 1413 522 1487 in
542 1414 758 1511 regionibus
776 1411 990 1510 longinquis
1008 1411 1023 1486 ?
1041 1411 1118 1486 Sed
1135 1396 1310 1484 trustra!¹

292 1532 484 1627 Quantum
517 1559 608 1608 vero
641 1532 882 1608 Providentia
918 1532 1045 1606 irridet
1080 1530 1242 1606 consiliis
1278 1515 1500 1608 hominum!

240 1653 366 1748 Quum
386 1678 516 1727 versus
547 1652 658 1728 finem
693 1651 935 1727 Pontificatus
960 1652 1015 1725 Pii
1038 1651 1096 1725 IX
1115 1652 1328 1728 monarchia
1355 1654 1498 1752 papalis

242 1771 349 1867 quasi
369 1771 416 1844 ab
435 1771 608 1845 omnibus
626 1770 817 1868 guberniis
835 1770 1011 1846 derelicta
1035 1770 1199 1845 solitaria
1223 1792 1398 1860 exstaret,
1429 1773 1500 1848 sub

245 1889 374 1966 Leone
402 1891 508 1964 XIII
533 1910 640 1990 grata
672 1892 768 1965 lacta
799 1907 856 1966 est
875 1890 1059 1978 omnibus,
1097 1889 1173 1965 imo
1203 1908 1241 1965 et
1277 1892 1500 1968 amicissima

240 1999 397 2108 singulis
426 2009 674 2106 potestatibus
695 2010 869 2106 Europae,
886 2034 970 2106 quae
996 2033 1069 2082 non
1098 2026 1254 2105 possunt
1271 1995 1357 2086 'non
1377 2012 1499 2086 mirari

242 2125 337 2201 hanc
356 2128 615 2202 auctoritatem
635 2127 947 2225 suprahumanam
963 2127 1101 2201 Vicarii
1116 2125 1355 2215 Christisola
1374 2148 1499 2207 tamen

241 2244 355 2321 domo
374 2246 575 2322 Sabaudiae
593 2267 761 2344 excepta.

297 2365 355 2440 lta
375 2365 637 2464 resipiscentes
656 2368 806 2441 tandem
820 2390 1025 2463 agnoscere
1044 2363 1220 2440 videntur
1231 2365 1411 2440 beneficia
1423 2368 1503 2462 qui-

249 2485 320 2559 bus
339 2485 538 2563 societates
560 2484 724 2582 Europae
755 2485 932 2559 continuo
959 2511 981 2556 a
1013 2483 1193 2558 Pontifice
1212 2484 1407 2561 cumulatae
1427 2487 1503 2560 Iue-

250 2622 335 2680 runt
351 2624 463 2704 atque
478 2623 726 2700 praeservatae‚
743 2632 825 2679 curn
840 2621 880 2680 ut
899 2604 989 2701 ipsis
1003 2630 1079 2702 prae
1097 2602 1214 2678 oculis
1233 2604 1356 2701 posuit
1367 2605 1503 2704 glorio·

246 2751 309 2799 sus
330 2725 411 2800 Leo
427 2725 545 2811 XIII,
568 2736 589 2768 ‘⁸
602 2727 770 2821 prolecto
785 2725 1034 2820 sempiternae
1054 2741 1287 2821 posterorum
1301 2727 1503 2801 memoriae

244 2844 399 2920 historia
416 2846 693 2920 commendavit
712 2872 858 2920 summa
878 2845 1121 2920 Pontificatus
1143 2845 1303 2920 Romani
1325 2847 1359 2920 in
1383 2847 1502 2921 Euro·

246 2990 331 3060 pam
364 2965 541 3039 merita...
575 2962 629 3064 (l.
651 2964 669 2994 '⁸
695 3006 746 3018 -
779 2975 800 3007 “
821 2965 909 3039 Fuit
931 2964 1132 3061 aliquando
1150 2982 1299 3062 tempus
1328 2963 1504 3065 (testatur

245 3081 428 3184 historia),
443 3110 527 3158 cum
558 3083 776 3183 evangelica
796 3083 1032 3181 philosophia
1056 3084 1283 3182 gubernaret
1304 3084 1475 3159 civitates
1496 3111 1504 3165 z

243 3227 320 3298 quo
338 3221 507 3301 tempore
526 3203 748 3279 christianae
767 3204 971 3300 sapientiae
991 3202 1123 3278 visilia
1141 3220 1179 3278 et
1191 3203 1318 3277 divina
1332 3204 1450 3278 virtus
1465 3203 1502 3277 in

244 3319 359 3420 leges.
375 3321 553 3412 instituta,
575 3349 698 3398 mores
717 3321 948 3420 populorum,
965 3323 1001 3396 in
1017 3348 1148 3398 omnes
1168 3321 1392 3419 reipublicae
1406 3322 1503 3396 ordi·

246 3466 313 3515 nes
341 3440 580 3539 rationesque
599 3458 863 3538 penetrarent:
893 3468 976 3516 cum
1003 3440 1134 3538 religio
1153 3467 1219 3538 per
1237 3441 1358 3517 Insunt
1383 3441 1501 3516 Curn-
1597 3443 1599 3448 ’

245 3582 346 3634 stunt
366 3543 534 3634 instituta
549 3559 585 3633 in
598 3585 653 3645 en,
675 3585 750 3657 quo
768 3585 915 3656 aequum
936 3579 1025 3644 erat,
1042 3560 1235 3658 dignitatis
1253 3559 1371 3659 gradu
1391 3559 1502 3634 tirmi-

245 3695 302 3752 ter
332 3677 519 3765 collocata,
549 3680 669 3776 gratia
700 3679 911 3776 Principum
942 3677 1184 3778 legitimaque
1217 3679 1501 3778 magistratuum

246 3795 362 3871 tutela
393 3797 533 3895 ubique
563 3797 735 3872 floreret:
766 3824 848 3871 curn
880 3798 1128 3872 sacerdotium
1161 3815 1274 3894 atque
1306 3797 1501 3895 imperium

246 3915 445 4019 concordia
464 3933 501 3990 et
521 3916 639 3990 amica
658 3916 864 3990 officiorum
893 3916 1113 3990 vicissitudo
1139 3915 1331 4013 auspicato
1351 3916 1502 3988 coniun-

246 4052 364 4131 geret.
398 4035 532 4131 quue
565 4035 678 4109 modo
707 4035 916 4132 composita
950 4035 1083 4110 civitas
1112 4034 1251 4108 lructus
1287 4032 1369 4107 tulit
1400 4033 1502 4107 omni

246 4152 422 4247 opinione
443 4153 613 4239 maiores,
633 4179 791 4250 quorum
811 4154 915 4252 viget
935 4152 1114 4228 memoria
1126 4168 1164 4227 et
1176 4136 1320 4249 vigebit
1335 4151 1502 4226 innume·

248 4268 422 4343 rabilibus
438 4295 560 4344 rerum
578 4289 770 4368 gestarum
784 4273 1005 4371 consignata
1021 4268 1282 4356 monumentis,
1300 4294 1384 4366 quae
1404 4268 1503 4344 nulla

246 4387 544 4463 adversariorum
559 4408 638 4465 arte
652 4391 838 4488 corrumpi
857 4408 921 4465 aut
935 4389 1124 4465 obscurari
1138 4406 1307 4486 possunt.
1326 4387 1502 4483 —Quod
1603 4379 1605 4383 ’

250 4507 403 4604 Europa
418 4507 618 4582 christiana
630 4510 806 4584 barbaras
819 4529 953 4608 gentes
968 4509 1144 4594 edomuit,
1161 4532 1300 4606 easque
1318 4533 1340 4582 a
1358 4506 1504 4583 Ieritate

287 4709 308 4750 r.
328 4695 373 4749 De
391 4695 474 4750 Stud.
496 4697 583 4765 Hist,
605 4697 636 4752 18
656 4699 727 4768 Aug.
751 4699 826 4768 1883.
