3496 5482
631 557 754 608 capua
781 556 983 620 QUARTUnt.

186 664 227 673 uu·-
642 663 848 670 ...----.--—--
858 664 959 669 -ψ

235 729 254 757 “
279 734 316 792 1⁰
336 720 445 794 Grati
460 720 573 793 animi
594 719 630 793 in
645 718 792 818 populis
812 718 994 794 beneficio
1008 720 1177 806 affectis3

235 848 255 876 “
277 851 317 909 2⁰
340 837 402 911 Ius
421 838 612 937 gentium;

235 965 255 995 ‘⁶
276 969 317 1051 3⁰
336 956 578 1053 Spontaneus
593 955 712 1029 civilis
725 979 902 1040 assensus
917 983 925 1043 ;

235 1083 256 1111 “
275 1086 318 1165 4⁰
336 1073 565 1172 Suffragium
585 1074 747 1171 denique
766 1073 998 1147 saeculorum
1015 1071 1068 1173 (¹).
1090 1073 1108 1102 ”

234 1192 330 1288 Quae
362 1219 446 1268 cum
477 1195 528 1268 ita
555 1194 639 1279 sint,
669 1193 789 1292 logice
821 1193 1043 1269 concludere
1069 1193 1178 1268 licet:
1207 1195 1244 1268 A
1275 1194 1441 1270 Domino

182 1308 318 1385 lactum
339 1331 396 1386 est
426 1312 525 1387 istud
547 1312 766 1387 Dominium
787 1312 992 1410 temporale
1012 1313 1050 1388 S.
1072 1312 1183 1387 Sedis
1202 1330 1239 1387 et
1258 1328 1316 1387 est
1335 1313 1441 1388 mira·

184 1428 257 1503 bile
276 1429 312 1503 in
341 1431 458 1505 oculis
477 1431 634 1505 nostris!
661 1475 710 1485 —
732 1431 822 1503 Non
850 1431 959 1505 datur
978 1431 1014 1504 in
1045 1448 1125 1506 toto
1144 1431 1235 1506 orbe
1260 1450 1440 1507 terrarum

183 1571 339 1646 regnum
359 1549 474 1623 ullum
502 1549 563 1623 vel
583 1549 715 1622 solium
748 1548 844 1622 adeo
873 1549 1080 1647 antiquum,
1101 1550 1198 1624 adeo
1220 1548 1439 1650 legitimum,

183 1668 278 1741 adeo
303 1693 436 1765 purum
454 1695 477 1743 a
495 1669 688 1769 sanguine,
720 1669 899 1755 airaude,
927 1669 975 1743 ab
999 1669 1212 1757 ambitione,
1234 1669 1330 1745 adeo
1359 1697 1442 1745 san·

184 1804 283 1859 ctum
316 1804 353 1860 et
386 1787 651 1873 venerandum,
686 1811 798 1883 quam
822 1787 1041 1862 Dominium
1065 1786 1180 1862 totale
1199 1805 1236 1861 et
1256 1787 1442 1887 integrum

185 1903 224 1978 S.
248 1905 429 1980 Romanae
446 1905 648 1980 Ecclesiae!

237 2025 327 2100 Uno
338 2027 456 2101 verbo
472 2027 690 2101 Dominium
710 2025 915 2124 temporale
935 2025 972 2101 S.
989 2026 1102 2101 Sedis
1122 2024 1259 2101 sactum
1273 2027 1443 2101 divinum

184 2145 422 2232 aestimamus,
451 2144 660 2219 institutum
681 2170 817 2241 nempe
851 2145 1079 2220 Providente
1108 2144 1203 2232 De0,
1233 2143 1292 2217 vel
1316 2145 1443 2244 singu·

185 2260 250 2335 lari
268 2263 406 2336 divinae
421 2263 673 2338 Providentiae
691 2261 857 2351 consilio,
876 2288 952 2360 quo
974 2271 994 2302 ‘⁸
1014 2262 1101 2336 illud
1120 2288 1272 2362 quoque
1298 2281 1444 2362 specta·

186 2397 245 2454 tur
272 2382 374 2479 quod
411 2384 532 2480 ipsum
561 2383 609 2457 sit
641 2384 805 2457 medium
839 2381 1090 2457 necessarium
1111 2383 1158 2456 ad
1187 2382 1298 2457 finem
1328 2407 1442 2480 quem

190 2500 430 2575 Providentia
455 2501 636 2576 intendit:
659 2500 749 2574 Non
768 2501 920 2599 quidem
945 2526 1013 2599 per
1031 2526 1073 2574 se
1091 2526 1157 2574 seu
1177 2500 1348 2575 absolute
1374 2500 1443 2575 sed

187 2619 329 2694 ratione
354 2620 481 2694 habita
511 2639 697 2694 certorum
727 2618 988 2716 adjunctorum
1018 2620 1073 2692 ila
1101 2627 1143 2692 ut
1173 2619 1295 2716 ipsum
1324 2620 1365 2692 in
1396 2619 1446 2692 r'z's

186 2737 373 2836 anunctis
386 2739 491 2814 unr'ce
508 2740 627 2812 valeat
645 2735 699 2838 (Ἰ.
721 2737 738 2765 ”

241 2867 261 2894 “
283 2857 334 2932 Et
352 2884 443 2932 sane
473 2857 532 2955 (ut
557 2857 649 2932 scite
667 2857 790 2932 aiebat
809 2856 945 2931 celebri
964 2856 1088 2962 littera
1107 2855 1285 2954 pastorali
1314 2855 1361 2929 ad
1381 2880 1445 2953 po·

189 2976 314 3072 pulum
333 3002 445 3074 quam
464 2977 630 3051 dictabat
650 2976 738 3050 olim
757 2977 804 3050 de
824 2977 1022 3074 temporali
1046 2977 1258 3073 Principatu
1281 2975 1325 3048 R.
1351 2975 1447 3048 Pon·

188 3093 297 3168 tificis
334 3095 498 3169 Perusiae
542 3094 764 3191 Episcopus,
824 3121 936 3193 quem
983 3120 1081 3168 nunc
1124 3094 1292 3168 Leonem
1338 3092 1443 3183 XIII

190 3210 367 3286 festanter
396 3212 627 3311 salutamus).
661 3237 836 3310 suprema
868 3213 911 3287 R.
936 3212 1158 3287 Pontificum
1185 3230 1353 3310 potestas
1373 3210 1446 3285 iam

189 3329 237 3403 ab
265 3330 409 3430 origine
432 3356 539 3404 suum
566 3331 602 3403 in
628 3356 669 3405 se
701 3330 863 3405 habebat
893 3357 984 3404 suae
1014 3329 1230 3426 temporalis
1249 3327 1448 3427 potestatis

189 3474 355 3547 germen,
385 3450 486 3547 quod
512 3451 700 3549 gradatim
730 3476 771 3524 se
798 3449 1020 3546 explicabat,
1042 3467 1079 3523 et
1111 3449 1248 3547 iugiter
1266 3449 1302 3522 in
1332 3449 1448 3522 incre-

190 3583 317 3641 mento
331 3585 411 3641 erat
430 3591 547 3665 usque
565 3568 654 3641 dum
668 3568 880 3665 perveniret
898 3568 945 3640 ad
958 3592 1064 3640 suam
1080 3565 1359 3664 perlectionem.
1377 3565 1449 3638 Est

190 3681 251 3758 Iex
279 3685 465 3759 ordinaria
492 3704 722 3759 terrenarum
754 3711 885 3770 rerum,
917 3709 1014 3782 quae
1050 3684 1097 3757 ab
1129 3682 1361 3756 incunabulis
1384 3682 1449 3756 vix

191 3801 459 3898 percipiuntur:
471 3803 524 3875 sic
539 3802 652 3876 homo
664 3802 784 3875 inians
797 3802 1009 3876 successive
1025 3801 1072 3873 ad
1090 3818 1270 3873 maturam
1285 3816 1449 3873 aetatem

192 3919 405 4016 perducitur
419 3945 426 3994 :
442 3920 581 3993 Iructus
595 3919 632 3992 in
652 3918 788 4016 planta,
809 3918 959 4017 plantae
979 3919 1014 3991 in
1034 3919 1179 3992 semine
1198 3918 1446 3999 continentur,

192 4053 230 4110 et
250 4037 397 4110 nonnisi
416 4037 646 4134 pedetentim
662 4036 709 4110 ad
730 4039 980 4111 maturitatem
1000 4062 1105 4110 suam
1126 4035 1350 4133 perveniunt
1368 4031 1445 4132 (³).''

247 4157 397 4231 “Patet
420 4182 512 4257 ergo
538 4157 710 4231 voluntas
740 4157 886 4231 Summi
909 4157 981 4231 Dei
1009 4157 1072 4253 qui
1102 4157 1190 4228 “ad
1220 4171 1448 4250 potestatem

195 4271 417 4372 (Pontificiae
436 4273 695 4374 immunitatis)
723 4274 838 4348 libere
858 4293 937 4348 toto
965 4275 1056 4348 orbe
1089 4273 1338 4347 exercendam
1370 4294 1452 4366 pro·

195 4391 388 4467 vidissimo
407 4392 561 4467 consilio
577 4392 664 4466 ilIud
690 4393 826 4465 sactum
846 4418 930 4466 esse
948 4391 1118 4465 decrevit
1137 4408 1188 4475 ut,
1209 4408 1295 4486 post
1311 4387 1453 4484 pericu·

509 4521 550 4527 ..-
951 4517 1287 4526 ——-—.-.-——-.1.—--
1305 4515 1365 4521 .-—-
1381 4510 1453 4518 ·--—d

197 4520 361 4627 Tapro.
371 4559 407 4611 ad
419 4557 503 4612 Card.
518 4558 677 4626 Rampolla,
692 4573 724 4621 24
738 4557 814 4625 Junii
833 4558 908 4624 1895.

230 4651 254 4690 2.
270 4637 410 4706 Palmieri‚
425 4638 554 4690 DeRom.
571 4638 662 4704 Pont,
676 4648 693 4691 t.
706 4638 812 4705 XXIV,
829 4636 842 4705 l
858 4650 896 4704 vt,
912 4656 936 4707 p.
954 4639 1012 4706 588.

231 4730 255 4783 3.
270 4718 353 4786 Apud
367 4719 491 4784 Scavini,
510 4717 600 4768 Thenl.
615 4734 682 4769 mor.
695 4719 832 4768 universa
844 4734 914 4768 cura
927 4718 980 4768 lter
995 4717 1116 4779 Verclu'o,
1131 4733 1157 4767 n.
1171 4729 1231 4781 234.
