3496 5482
709 510 828 559 INDEX
856 510 1036 564 capituti.

704 748 825 807 PARS
847 748 1039 807 TERT1n.

290 888 336 939 De
356 890 474 941 mediis
492 890 685 940 restituendt
705 889 846 938 tlrmttor
863 890 1013 939 ordlnem
1033 892 1185 941 socialem
1206 897 1237 941 et
1257 891 1451 942 debellandi

654 987 829 1036 efficaciter
846 988 1082 1037 sociallsmum.

241 1131 382 1183 caput·
397 1134 455 1182 xt.
471 1158 506 1167 -
518 1128 563 1182 Ad
578 1128 707 1182 ordinem
720 1139 748 1182 et
762 1146 892 1183 securam
913 1146 1014 1200 pacem
1026 1131 1250 1202 recuperandam
1265 1131 1414 1199 Societati,

313 1213 357 1267 via
371 1214 554 1286 principalior
566 1225 610 1269 est
624 1214 763 1270 restitutio
780 1217 956 1286 Principatus
970 1219 999 1271 S.
1012 1218 1095 1273 Sedis
1107 1228 1135 1273 et
1149 1219 1307 1288 praesertim
1323 1219 1414 1275 Urbis

315 1304 414 1357 Romae
1454 1321 1504 1377 245

364 1434 381 1464 ι.
396 1419 465 1465 Vana
471 1430 507 1465 est
515 1420 593 1465 oannis
601 1419 649 1465 alia
657 1420 752 1465 solutio.
762 1444 791 1453 -
799 1434 819 1464 a.
830 1419 883 1465 Stat
891 1421 929 1477 jus
936 1422 1052 1466 continuo
1061 1422 1169 1467 clamans
1179 1436 1185 1467 ι
1195 1422 1292 1467 tollatur
1297 1434 1380 1472 causa.

330 1494 355 1539 id
365 1504 401 1540 est
409 1496 501 1553 injuria,
514 1506 540 1540 ut
551 1495 647 1540 tollatur
657 1495 763 1545 effectus,
776 1496 846 1540 idest
865 1496 1005 1553 inquietudo
1017 1497 1169 1553 populorum.
1184 1522 1210 1530 -
1222 1512 1242 1555 3.
1256 1498 1309 1542 Stat
1318 1509 1382 1541 surn-

331 1583 371 1613 ma
381 1571 594 1627 incomparabilitas
605 1571 636 1614 ad
646 1572 749 1628 quodvis
765 1570 828 1614 aliud
847 1570 959 1616 inedium.
974 1596 1002 1603 -
1010 1586 1031 1626 4.
1046 1572 1129 1617 Cesset
1139 1574 1281 1630 quantocius
1292 1584 1383 1616 notum

330 1646 395 1691 istud
411 1648 464 1690 Aac
478 1646 561 1697 Rulli.
583 1647 636 1690 Rea·
652 1647 810 1695 Jrrdanrum!
826 1670 854 1678 -·
873 1661 893 1705 5.
918 1647 1042 1692 Hactenus
1059 1648 1156 1691 unicum
1175 1650 1280 1693 medium
1300 1647 1383 1692 tuendi

332 1722 543 1779 independentianr
561 1722 647 1767 sumnri
669 1723 787 1767 l’rimatus
800 1723 842 1767 luit
861 1724 968 1779 dignitas
983 1723 1082 1779 regalis:
1095 1723 1175 1767 adbuc
1188 1733 1225 1769 cst
1239 1725 1381 1773 necessaria,

332 1798 376 1844 nisi
387 1801 495 1843 ordinent
510 1800 668 1845 l’roiidentire
679 1807 772 1844 uratarc
783 1801 888 1844 velimus.
903 1824 932 1831 —
942 1800 962 1843 6.
977 1798 1067 1843 Satistit
1078 1800 1254 1845 obiectionibus
1262 1814 1290 1845 cu
1301 1800 1384 1844 indole

331 1884 421 1919 nostrae
432 1876 519 1925 aetatis.
533 1890 589 1932 qure
606 1875 674 1919 uellet
695 1876 854 1919 Providentiae
864 1876 1008 1920 substituere
1024 1888 1094 1919 suurn
1105 1876 1227 1920 inventum
1239 1876 1382 1920 humanum.

331 1975 360 1984 -
371 1965 391 2007 7.
407 1951 508 1996 Necnon
519 1951 571 1995 aliis
582 1950 761 1995 ditiicultatibus
772 1952 863 2009 ordinis
871 1952 999 2007 superioris
1009 1951 1173 2007 respondetur.
1187 1977 1216 1985 -
1226 1954 1247 1996 8.
1262 1952 1383 2007 l’rincipa·

332 2035 370 2071 tus
381 2027 419 2071 ille
429 2028 568 2083 temporalis
578 2028 607 2071 sit
622 2027 714 2078 lionae,
728 2038 750 2071 ct
769 2041 817 2071 non
828 2028 891 2071 alibi.
905 2052 933 2059 --
944 2042 965 2084 9.
982 2027 1054 2072 Nulla
1071 2028 1185 2084 adjuncta
1196 2040 1239 2072 nec
1251 2028 1380 2085 praeterita,

332 2116 375 2147 nec
387 2104 521 2160 pra-sentia.
535 2102 669 2147 tractatura
680 2104 761 2147 sinunt
772 2112 897 2160 expectare
909 2104 1002 2147 modum
1014 2104 1114 2147 vivendi
1136 2103 1276 2148 Vaticanum
1289 2105 1349 2148 inter
1358 2114 1384 2149 et

332 2180 459 2235 Quirinale.
474 2204 503 2212 -
517 2192 550 2223 ιο.
564 2180 694 2224 Conclusio
706 2180 789 2224 unica:
804 2180 876 2224 l‘at’s
889 2190 930 2225 st'r
943 2181 1001 2225 ltux
1014 2182 1117 2227 Rosa-tt!

240 2319 382 2371 CAPUT
396 2321 473 2369 ΧΠ.
499 2346 532 2354 -
546 2315 591 2369 Ad
612 2315 819 2369 restitutionem
836 2315 962 2368 Dorninii
977 2316 1005 2369 S.
1030 2316 1112 2370 Sedis
1135 2327 1162 2370 et
1176 2315 1414 2370 restaurationem

311 2404 396 2458 totius
410 2404 518 2458 ordinis
531 2404 653 2472 socialis,
665 2405 830 2475 principale,
844 2404 901 2458 iuro
911 2417 938 2459 et
953 2405 1066 2459 unicum
1077 2407 1255 2461 obstaculum
1268 2418 1311 2460 est
1326 2406 1414 2460 male·

311 2495 638 2549 ficasectalllassonum
1453 2496 1511 2550 266

362 2622 380 2652 1.
394 2609 465 2652 Secta
476 2608 615 2653 blassoniea
625 2617 661 2652 est
669 2609 820 2653 obstaculum
829 2609 966 2652 niaximum.
977 2620 1032 2651 -2.
1046 2608 1098 2652 luro
1108 2608 1210 2665 primurn
1221 2622 1235 2651 c
1246 2608 1326 2652 aredio
1337 2608 1381 2652 tol-

330 2684 427 2729 lendum
439 2685 584 2742 ubicumque
592 2684 789 2741 dominatur—3.
800 2684 877 2728 lnlriat
888 2684 1043 2729 destructioni
1056 2683 1212 2728 l’orrtisrcatus
1225 2683 1326 2728 llourani
1338 2696 1384 2727 nec

329 2772 436 2817 unquam
445 2760 515 2804 aliter
524 2760 580 2815 egit.
596 2773 638 2803 uec
648 2768 731 2803 actura
742 2768 783 2803 est.
800 2784 826 2791 -
837 2774 861 2815 4.
874 2758 939 2803 Nihil
952 2760 998 2804 viru
1008 2760 1118 2804 adimunt
1130 2760 1175 2817 ipsi
1186 2759 1315 2804 divisiones
1323 2759 1384 2803 inte·

330 2835 408 2879 stinre.
418 2859 446 2866 —
458 2848 478 2893 5.
491 2834 624 2891 Principale
634 2844 668 2879 est
679 2835 836 2883 obstaculum.
846 2836 879 2878 ita
891 2843 916 2877 ιιι
927 2835 973 2878 alia
984 2834 1155 2890 impedimenta
1166 2834 1212 2879 sint
1225 2848 1289 2879 ruere
1299 2846 1384 2879 secun·

331 2911 399 2954 (laria
410 2910 444 2955 vel
457 2910 528 2955 nulla.
542 2920 567 2955 ut
580 2924 599 2953 ι’.
613 2924 635 2967 g.
650 2911 728 2953 unitas
742 2910 817 2963 Regni
839 2910 921 2953 ltalici.
936 2935 964 2941 -
975 2920 995 2953 u.
1011 2908 1062 2953 Nec
1075 2910 1128 2966 plus
1147 2910 1280 2967 impediunt
1294 2910 1385 2966 aspira·

330 2986 407 3028 tiones
428 2984 548 3027 Italorum.
564 2998 623 3039 -7.
646 2984 790 3039 Necrrragui
811 2985 914 3041 liuropa·
927 2995 1071 3040 potentatus.
1085 2988 1148 3029 -8.
1166 2990 1180 3007 ⁴·
1197 2984 1286 3041 Oggeri
1298 2985 1357 3029 solet
1369 2984 1381 2999 ''

329 3061 372 3104 setl
384 3060 443 3104 falso
452 3069 624 3115 prenarratur
635 3061 791 3104 incommoda
801 3061 939 3104 adventura.
955 3083 981 3090 -
993 3076 1012 3113 o.
1034 3059 1099 3103 Nilril
1112 3074 1140 3104 cr
1152 3062 1299 3106 restitutione
1310 3061 1381 3116 patie-

331 3147 368 3180 tur
379 3151 447 3181 verus
457 3151 597 3193 progressus
607 3139 742 3181 rtrrrdernus.
758 3162 785 3168 -
797 3151 829 3180 ιο.
847 3137 941 3180 balsula
953 3147 988 3179 est
1000 3136 1181 3193 :titlugienduru
1193 3162 1222 3167 —
1232 3151 1263 3181 ιι.
1278 3136 1383 3181 l'uicunt

330 3214 416 3257 esirrrle
425 3214 470 3257 rbei
480 3214 550 3257 debet
560 3214 710 3257 ‹llutaeuluur
723 3227 794 3269 supra
804 3214 953 3265 assignarunt
964 3214 995 3255 aa
1008 3215 1203 3257 restaurationem
1215 3214 1280 3269 pacis
1289 3222 1312 3257 et
1321 3213 1384 3257 ordi·

333 3290 369 3332 uis
380 3290 402 3332 in
417 3289 485 3333 ltalia
495 3299 518 3333 ct
531 3290 553 3332 iu
566 3300 615 3333 tota
626 3291 745 3333 Soeietate
756 3290 900 3332 Christiana.
920 3314 941 3319 -
954 3302 984 3332 ιε.
999 3288 1165 3345 :lspiratioues
1176 3300 1248 3333 sectae
1259 3291 1386 3333 incarnan-

332 3377 369 3412 tur
388 3367 410 3411 iu
428 3367 493 3411 falsis
511 3370 716 3412 corruuotiouibus
733 3368 992 3423 rleuutgogicis.--13.
1016 3367 1072 3410 L'na
1089 3367 1223 3423 eademque
1238 3380 1296 3423 ergo
1306 3366 1387 3422 agitur

331 3457 403 3487 causa
416 3444 529 3487 Ecclesiae
537 3453 560 3489 et
572 3444 698 3489 societatis
709 3444 782 3487 civilis
795 3446 817 3487 in
830 3443 979 3499 prollrgenrla
987 3450 1052 3486 secta
1060 3453 1082 3487 et
1091 3443 1237 3487 restituendo
1251 3443 1385 3498 l‘rincipntu

332 3524 355 3565 S.
370 3522 446 3566 Sedis.

244 3658 385 3710 caput·
400 3661 493 3708 XIII.
510 3685 544 3694 -
568 3658 621 3710 l'er
634 3655 841 3711 restitutionem
866 3654 991 3709 Dorninii
1012 3656 1039 3707 S.
1056 3655 1139 3708 Sedis
1152 3653 1369 3721 reintegrabitur
1382 3669 1417 3707 ac

315 3744 416 3797 iterum
430 3744 641 3798 consecrabitur
655 3744 804 3812 pristinum
816 3744 861 3812 jus
876 3742 1101 3809 intertrationale,
1116 3759 1165 3811 per
1179 3743 1194 3767 “
1207 3759 1263 3794 non
1273 3743 1415 3793 balmen-

315 3833 401 3884 tinnr's
413 3832 427 3857 ’'
441 3831 577 3900 placitum
599 3831 702 3885 irrisere
724 3843 899 3901 quassatum,
919 3842 947 3883 et
960 3840 1021 3883 tuta
1035 3846 1104 3899 pace
1126 3829 1178 3882 irui
1192 3846 1225 3883 ac
1239 3829 1417 3882 efflorescere

319 3920 421 3989 poterit
436 3936 492 3971 non
507 3920 702 3983 sulumltalia,
717 3919 766 3972 sed
783 3919 897 3987 Europa
910 3928 995 3987 atque
1009 3927 1084 3970 totus
1098 3929 1236 3970 terrarum
1250 3916 1343 3969 Orbis.
1457 3917 1511 3969 288

365 4046 383 4075 1.
400 4030 465 4074 Nihil
477 4032 614 4075 lruruanitus
625 4031 770 4087 spu-ratultuu
782 4040 816 4073 est
829 4044 842 4073 a
853 4030 970 4085 gubernio
981 4029 1125 4073 blassouico.
1140 4044 1196 4072 -2.
1210 4030 1230 4071 li
1241 4036 1325 4072 contra
1336 4041 1387 4085 pre·

334 4112 398 4155 caria
409 4112 494 4155 exinde
505 4112 582 4155 orrruis
595 4110 670 4154 iorrua
684 4110 815 4163 Regtnrinis
826 4110 849 4151 in
863 4109 937 4152 ltalia.
987 4123 1005 4164 3.
1024 4107 1049 4150 lu
1062 4108 1144 4164 prinus
1155 4107 1316 4151 uronarclrica.
1364 4120 1384 4161 u.

337 4188 371 4230 l't
382 4197 475 4231 coastat
487 4202 515 4230 ex
527 4188 629 4230 laetiora:
642 4195 727 4242 sponte
739 4186 844 4229 tubiaute
862 4185 948 4228 turrira·
960 4184 1070 4228 liberiori.
1091 4208 1120 4215 -
1131 4198 1150 4240 5.
1166 4188 1220 4237 Qua
1231 4197 1260 4226 ex
1271 4197 1295 4225 re
1306 4182 1387 4226 discri-

336 4277 389 4306 rnen
402 4264 538 4306 irruxiuruui.
555 4287 582 4293 --
593 4272 614 4305 o.
629 4264 765 4306 Obrcutura
780 4262 925 4317 prosperitas
938 4274 965 4303 ex
976 4261 1083 4303 restituto
1092 4260 1145 4315 jure
1157 4258 1331 4303 irrternationali
1344 4272 1387 4315 pro

339 4341 424 4383 lturnu.
436 4363 464 4370 -
475 4353 495 4393 7.
512 4339 556 4382 l'ru
568 4348 618 4382 tota
637 4338 710 4381 ltalia.
726 4362 753 4368 -
768 4342 788 4380 3.
805 4337 957 4381 ltestauratio
969 4336 1060 4391 pristini
1069 4336 1129 4391 jttris
1147 4335 1268 4379 christiani
1281 4334 1386 4391 prolicua

335 4430 431 4474 quoqne
443 4419 559 4459 universae
573 4416 682 4472 liuropar.
695 4441 722 4447 --
733 4432 753 4472 9.
771 4416 804 4458 l't
813 4416 875 4459 clare
887 4422 1020 4458 constater
1039 4414 1152 4458 historica
1163 4415 1299 4458 evolutione
1311 4414 1386 4457 iratio-

337 4506 404 4536 ιιιιιιι,
419 4516 446 4523 -
458 4506 490 4536 ιο.
506 4492 541 4535 lis
552 4492 643 4547 origiue
654 4493 750 4547 genuini
760 4492 817 4547 juris
829 4490 1017 4535 internationaiis
1028 4504 1076 4547 qua
1096 4489 1192 4545 Europa
1208 4489 1293 4533 floruit.
1307 4512 1335 4520 -
1348 4502 1381 4532 ιι.

339 4568 502 4624 Reintegretur
511 4582 567 4623 ergo
576 4581 669 4611 sacruur
679 4569 717 4624 jus
724 4568 781 4611 illud
792 4582 796 4610 z
808 4577 831 4610 ut
840 4576 915 4611 cesset
925 4576 1018 4611 rtrnrara
1025 4579 1071 4622 pax
1083 4566 1251 4610 hodiernorum
1260 4566 1383 4610 nationum

336 4644 379 4688 sibi
391 4644 491 4689 invicem
502 4644 664 4689 inridentium.
678 4668 706 4675 -
719 4657 752 4687 12.
766 4643 830 4700 Papa
841 4643 870 4687 sit
882 4643 966 4687 iterum
979 4656 1018 4686 rex
1030 4642 1117 4687 Ronrte
1127 4650 1150 4687 et
1161 4640 1301 4687 rnoralitatis
1312 4653 1385 4686 causa
