3496 5482
717 579 840 630 curun·
867 577 1074 629 summunt.
1458 574 1526 648 155

269 517 708 530 w.-

320 747 339 778 “
362 740 474 815 Hanc
492 742 655 840 denique
672 768 784 840 opem
804 742 852 815 ab
871 741 1066 837 utriusque
1084 737 1221 813 Sicitiae
1250 763 1367 836 regno
1386 737 1527 837 efflagi-

269 859 439 944 tavimus,
457 860 493 932 in
508 886 583 958 quo
597 860 840 958 hospitamur,
857 859 956 956 apud
972 858 1067 932 illius
1085 857 1242 956 Regem,
1260 857 1322 954 qui
1342 843 1379 930 in
1399 879 1529 930 veram

267 975 499 1075 solidamque
535 1003 685 1052 suorum
722 978 944 1076 populorum
980 974 1194 1049 felicitatem
1232 973 1527 1071 promovendam

268 1094 356 1166 totis
384 1095 525 1169 viribus
555 1097 782 1181 incumbens,
805 1113 907 1169 tanta
927 1093 1107 1193 religione
1126 1118 1168 1166 ac
1188 1088 1328 1189 pietate
1358 1091 1526 1190 refulget,
1580 1167 1584 1174 ,

269 1229 309 1284 ut
327 1212 404 1286 suis
424 1213 513 1310 ipsis
532 1212 679 1312 populis
698 1215 872 1312 exemplo
890 1202 1112 1310 esse‘possit
1130 1207 1184 1310 (¹).
1206 1209 1224 1236 ’'
1456 1211 1459 1217 ’

282 1375 289 1384 ·
321 1345 373 1407 10.
397 1331 448 1405 Et
468 1358 597 1407 revera
628 1333 665 1406 in
693 1332 795 1407 hisce
823 1331 1009 1429 adjunctis
1041 1326 1233 1403 catholicae
1266 1327 1337 1401 illae
1368 1344 1528 1425 quatuor

270 1449 443 1548 regiones
476 1450 667 1536 Ecclesiae,
700 1470 738 1525 et
768 1450 976 1525 communis
1012 1448 1178 1521 omnium
1211 1445 1374 1520 fidelium
1407 1446 1528 1520 Patris

267 1592 417 1641 causam
437 1593 512 1664 prae
539 1568 655 1642 oculis
671 1568 863 1654 habentes
887 1586 945 1641 ast
959 1592 1033 1640 non
1046 1566 1180 1641 eodem
1195 1564 1321 1638 animo
1340 1564 1527 1660 inspiratae

269 1685 316 1759 ad
334 1684 480 1760 civilem
500 1685 730 1782 Apostolicae
745 1685 855 1760 Sedis
874 1684 1125 1781 Principatum
1142 1700 1330 1780 tamquam
1348 1681 1528 1756 libertatis

268 1801 422 1877 tutelam
442 1803 706 1878 vindicandum
725 1828 917 1878 accurrere
937 1818 1181 1900 properarunt
1201 1799 1214 1900 (
1231 1800 1256 1899 l

285 1989 289 1998 .
320 1921 474 1995 Austria
493 1922 625 2002 victrix
649 1923 875 2021 Legationes
894 1923 1108 2019 occupavit;
1128 1922 1312 1995 exercitus
1332 1936 1406 1993 tam
1439 1919 1528 1992 His-

269 2038 422 2134 panicus
441 2066 553 2138 quarn
575 2041 850 2138 Neapolitanus
870 2042 971 2116 varia
1000 2042 1165 2116 subsidia
1193 2039 1439 2124 contulerunt,
1461 2038 1527 2111 sed

268 2157 386 2255 copiae
422 2157 587 2245 Gallicae,
622 2184 695 2232 non
728 2177 852 2233 tamen
891 2161 959 2235 nisi
997 2179 1082 2257 post
1118 2158 1252 2233 multas
1285 2154 1528 2233 titubationes

266 2278 437 2376 gubernii
467 2279 618 2354 tandem
646 2281 716 2379 sub
747 2281 841 2356 duce
861 2281 1039 2366 Oudinot‚
1067 2306 1086 2375 3
1117 2279 1203 2377 julii
1228 2280 1321 2370 1849
1349 2278 1528 2375 ingressae

267 2415 357 2469 sunt
373 2396 515 2471 Urbem
531 2399 636 2495 cujus
652 2397 777 2473 claves
795 2400 920 2473 statim
940 2399 988 2472 ad
1011 2399 1117 2473 Pium
1137 2397 1195 2471 lX
1213 2395 1347 2472 delatae
1365 2411 1462 2469 sunt.
1478 2438 1529 2448 -

271 2511 431 2588 Eversio
446 2514 677 2614 Principatus
690 2517 878 2603 civilis‚cui
891 2536 1004 2591 seetae
1015 2533 1211 2612 tantopere
1223 2513 1528 2610 inhiabantpost-

269 2633 443 2728 ponenda
461 2633 581 2716 adhuc
600 2654 679 2709 erat
698 2655 735 2710 et
755 2634 840 2709 huic
859 2635 1010 2710 eventui
1040 2633 1303 2709 catholicarum
1335 2631 1527 2706 nationum

268 2749 414 2824 animos
433 2752 534 2848 prius
554 2754 832 2849 praedisponere
850 2753 1086 2850 expediebat.

320 2870 589 2947 Verumtamen
618 2893 829 2971 opportune
858 2876 1091 2949 advenerunt
1126 2871 1245 2969 optati
1281 2870 1528 2944 liberatores:

270 3013 354 3061 nam
374 3015 396 3062 a
415 3016 544 3065 mense
563 2991 747 3067 februario
776 2993 918 3090 Joseph
937 2992 1107 3077 Mazzini‚
1131 2989 1382 3065 Carbonarius
1401 2988 1528 3062 Genu·

269 3110 379 3195 ensis,
401 3109 437 3183 in
461 3110 566 3186 Urbe
584 3113 786 3186 secundam
805 3112 1023 3187 condiderat
1044 3122 1062 3151 ‘¹
1085 3108 1368 3207 Rempublicam
1390 3108 1528 3204 Roma·

271 3252 355 3300 nam
384 3227 412 3313 ’'‚
446 3228 515 3301 sub
544 3255 627 3325 qua,
662 3231 729 3303 viri
766 3229 1005 3304 ecclesiastici
1034 3247 1072 3302 et
1100 3230 1201 3302 cives
1238 3225 1379 3324 pacifici
1415 3249 1528 3324 quam

269 3344 415 3441 plurimi
436 3345 583 3421 fuerunt
610 3348 720 3421 occisi
743 3349 851 3445 jussu
882 3348 1114 3421 Massonum.
1139 3347 1242 3419 luter
1268 3344 1419 3418 sicarios
1449 3342 1529 3417 illos

269 3463 406 3559 primas
436 3482 560 3559 partes
592 3467 710 3540 tenuit
742 3466 930 3562 josephus
958 3463 1161 3539 Garibaldi.
1193 3462 1349 3561 Refugit
1375 3461 1526 3559 quidem

269 3580 424 3666 animus,
446 3596 485 3653 ut
517 3581 568 3655 ait
590 3581 675 3655 Pius
698 3582 766 3668 IX,
787 3609 829 3657 ac
861 3583 985 3656 dicere
1012 3580 1237 3667 reformidat,
1258 3581 1393 3678 quibus
1412 3606 1527 3678 quan·

268 3698 391 3796 tisque
421 3699 610 3775 fraudibus
654 3702 709 3776 usi
740 3703 815 3776 sint
846 3703 905 3775 isti
939 3702 1075 3776 inimici
1110 3700 1291 3776 Ecclesiae
1323 3717 1361 3774 et
1389 3700 1524 3799 publici

269 3818 409 3891 ordinis
429 3816 483 3917 (³).

305 3937 501 4011 Attamen
516 3938 628 4011 variis
647 3939 694 4012 de
706 3939 827 4013 causis
843 3939 1079 4036 praepeditus,
1105 3939 1191 4012 Pius
1214 3938 1272 4012 lX
1293 3963 1366 4013 non
1383 3938 1451 4012 nisi
1467 3938 1528 4013 die

274 4077 315 4140 12
339 4053 478 4149 Aprilis
502 4059 597 4149 1850
618 4056 762 4131 Urbem
782 4057 904 4153 petiit;
931 4058 1130 4131 duraverat
1149 4056 1300 4131 exilium
1330 4057 1425 4132 ultra
1446 4083 1527 4131 sex·

269 4171 389 4245 decim
409 4198 566 4246 menses,

323 4288 386 4363 Sic
413 4291 533 4386 primo
560 4318 681 4367 causae
709 4292 822 4367 variae
847 4294 1078 4390 impraevisae,
1102 4318 1247 4367 necnon
1279 4293 1390 4367 animi
1424 4293 1527 4367 Prin·

268 4407 390 4500 cipum
422 4407 688 4483 catholicorum
721 4412 801 4506 paci
833 4430 871 4485 et
902 4411 1002 4484 bono
1037 4410 1157 4485 ordini
1191 4411 1395 4494 studentes
1417 4412 1528 4486 inane

274 4527 437 4614 *uiniae
452 4531 487 4614 ἕο
499 4562 605 4631 Aprilis
622 4532 1525 4631 1849-‘m

306 4655 328 4694 2.
350 4640 391 4694 cf.
405 4641 498 4709 Epist.
512 4642 585 4694 Lud.
601 4643 674 4711 Nap.
691 4645 816 4712 Buouap.
829 4674 862 4683 -
876 4645 928 4700 Ch.
942 4646 976 4699 V.
993 4646 1037 4710 D.‚
1050 4643 1094 4698 ch.
1109 4644 1145 4711 X,
1159 4660 1185 4713 p.
1200 4659 1252 4713 203
1265 4654 1293 4699 et
1308 4645 1360 4712 Xl,
1374 4663 1400 4716 p.
1415 4660 1474 4711 ²¹4·

305 4733 329 4786 3·
352 4719 441 4773 Alloc.
457 4720 566 4786 Quibus
577 4726 753 4792 quantisque,
769 4739 802 4777 20
815 4725 920 4794 Aprilis
938 4726 1013 4792 1849.
