3496 5482
1323 468 1490 482 Anu-Q

691 541 812 590 creua
841 540 1048 592 SEPTntlUM.
1432 532 1500 605 147
1591 572 1600 588 .

241 707 308 780 sed
338 706 373 778 in
401 731 546 780 cassum
577 705 771 780 laboravit.
795 705 849 779 Ut
881 729 1035 801 serpens
1058 706 1138 802 jam
1168 704 1266 778 enim
1300 704 1498 799 irrepserat

241 840 343 897 secta
363 824 433 897 ista
456 822 641 897 diabolica
672 849 792 922 usque
822 823 857 896 in
878 821 1133 897 cancellariam
1165 821 1274 919 hujus
1305 820 1502 918 Principis;

243 968 327 1016 nam
346 943 577 1034 consiliarius
596 944 677 1041 ejus
697 944 858 1029 intimus,
873 943 935 1041 qui
949 961 1029 1018 erat
1043 944 1111 1018 eia
1130 943 1292 1027 secretis,
1314 943 1497 1026 Gaetan0,

241 1061 373 1157 etipse
402 1078 482 1135 erat
504 1062 842 1147 Franco-murator,
865 1087 975 1135 verus
1000 1062 1177 1159 proditor,
1210 1061 1272 1159 qui
1305 1059 1399 1134 clam
1419 1084 1501 1156 pro·

243 1177 363 1273 posita
381 1177 522 1252 domini
541 1179 597 1252 sui
623 1180 790 1253 sectariis
821 1178 1121 1252 communicabat
1140 1203 1258 1275 eaque
1278 1177 1401 1250 inania
1420 1176 1502 1250 red·

243 1295 359 1369 debat
372 1291 426 1394 (¹).
438 1295 473 1368 N
481 1294 705 1384 ihilominus,
714 1297 761 1371 ad
771 1297 1037 1370 conterendam
1054 1296 1223 1392 hydriam
1234 1293 1499 1380 Massonicam,

242 1411 445 1487 catholicus
455 1413 502 1487 de
519 1414 748 1489 Metternich
768 1414 999 1499 convocavit,
1012 1414 1081 1488 sub
1093 1432 1290 1510 patronatu
1308 1412 1497 1485 Francisci

247 1529 274 1616 l,
308 1556 532 1630 congressus
552 1532 835 1631 Aquisgranum
857 1561 864 1618 ;
888 1549 1020 1629 postea
1047 1532 1083 1604 in
1112 1531 1304 1616 Carlsbad,
1323 1531 1359 1603 in
1378 1530 1499 1627 'Erop-

242 1672 325 1744 pau‚
348 1649 384 1720 in
408 1649 597 1746 Laybach;
619 1674 763 1723 necnon
783 1650 995 1735 Veronam;
1014 1665 1072 1722 ast
1092 1649 1127 1722 in
1147 1674 1286 1722 vanum
1305 1646 1498 1721 laborasse

243 1765 401 1840 videtur.

295 1884 367 1958 Per
397 1901 513 1959 totam
544 1902 764 1983 sequentem
795 1902 944 1959 aetatem
973 1885 1127 1959 historia
1155 1884 1332 1959 continno
1350 1884 1500 1959 obviam

241 2001 355 2076 habet
374 2001 539 2077 occultos
561 2003 782 2090 Massonum
802 2020 968 2090 conatus,
991 2003 1234 2079 incitamenta
1263 2002 1311 2075 ad
1331 2001 1499 2078 rebellio·

242 2147 309 2195 nes
336 2123 562 2209 excitandas,
596 2140 634 2197 et
660 2123 782 2196 omnis
806 2123 957 2221 generis
995 2123 1264 2221 corruptiones.
1292 2121 1431 2196 Unitos
1460 2147 1501 2196 se

242 2238 408 2336 praebent
443 2240 641 2314 Massones
656 2265 739 2313 cum
764 2239 1014 2325 Carbonariis
1036 2266 1120 2338 quae
1154 2257 1278 2313 tamen
1309 2238 1501 2314 inferiores

242 2372 354 2430 sectae
373 2357 557 2431 ducuntur
575 2357 623 2430 ab
641 2357 796 2432 occultis
823 2358 991 2444 ducibus,
1022 2358 1085 2455 qui
1112 2383 1197 2432 sese
1226 2357 1337 2431 altam
1357 2355 1415 2430 vel
1443 2383 1501 2430 su·

242 2498 407 2569 premam
445 2473 600 2547 Ventum
629 2473 827 2571 appellant.
864 2474 959 2548 Haee
992 2500 1166 2571 suprema
1197 2493 1308 2561 secta,
1329 2473 1501 2570 ludaico·

245 2588 470 2676 Massonica,
487 2591 607 2688 primo
623 2617 690 2689 pro
704 2617 819 2688 scopo
833 2591 903 2664 sibi
919 2592 1093 2688 proponit
1106 2593 1385 2688 perversionem
1400 2590 1498 2679 cleri,

241 2712 445 2806 praesertim
466 2738 556 2787 vero
574 2712 661 2786 cleri
681 2702 845 2786 statuum
876 2711 1057 2786 Ecclesiae
1076 2730 1189 2809 atque
1217 2711 1369 2810 judaico
1397 2736 1501 2785 more

242 2827 436 2926 patienter,
458 2848 580 2906 astute
592 2848 630 2906 et
641 2831 807 2905 satanice
819 2830 997 2927 procedit.
1019 2830 1096 2905 Ubi
1109 2830 1226 2906 semel
1246 2830 1365 2905 clerus
1379 2854 1502 2904 corruv

243 2965 328 3045 ptus
346 2949 483 3023 existet
503 2949 596 3024 facili
609 2949 762 3049 negotio
780 2967 1038 3046 corrumpetur
1051 2968 1089 3024 et
1105 2949 1246 3047 religio
1267 2968 1304 3023 et
1318 2948 1504 3023 delebitur

243 3090 379 3141 nornen
398 3066 693 3152 christianornm,
715 3084 752 3143 et
770 3093 902 3142 omnes
917 3067 1034 3141 dediti
1055 3086 1171 3152 erunt¹
1183 3067 1353 3143 servituti
1371 3067 1502 3141 aristo-

242 3184 366 3259 cratiae
397 3185 565 3282 ejusdem
585 3185 989 3282 Judaico-Massonicae
1008 3183 1063 3286 (²).
1092 3184 1201 3259 Talia
1227 3185 1503 3259 meditabantur

244 3302 395 3377 Satanae
414 3304 605 3378 emissarii.

294 3432 326 3493 3.
349 3420 416 3494 Ρὶο
435 3420 513 3494 Vll
535 3422 713 3497 successit
729 3423 807 3496 Leo
826 3421 922 3508 Xll‚
942 3421 1005 3519 qui
1026 3420 1213 3495 Cardinali
1233 3420 1393 3496 Thomae
1416 3422 1503 3494 Ber·

247 3537 338 3611 netti
366 3552 517 3614 ornnem
546 3525 972 3613 contulitauctoritatem
1003 3557 1043 3612 nt
1071 3539 1270 3613 Massones
1297 3538 1502 3638 detegeret,

243 3679 373 3729 eorum
392 3658 597 3731 tentamina
612 3677 912 3755 prosequeretur,
930 3675 968 3730 et
982 3656 1092 3731 valde
1108 3657 1344 3730 instructivas
1362 3656 1504 3732 litteras

244 3774 490 3870 interciperet.
511 3821 562 3831 —
583 3777 637 3850 Ut
655 3801 783 3849 eorum
804 3775 1118 3871 conspirationem
1132 3776 1212 3873 jam
1232 3774 1305 3849 late
1329 3775 1501 3848 diffusam

244 3888 509 3966 infructuosam
538 3893 719 3979 redderet,
750 3919 816 3990 per
844 3893 1150 3967 constitutionem
1176 3918 1280 3966 suam
1310 3893 1392 3983 Quo
1410 3919 1503 3990 gro-

243 4008 358 4096 viora,
379 4009 452 4084 diei
479 4035 518 4104 13
535 4010 663 4084 Martii
689 4013 794 4104 1825,
815 4010 959 4109 detegit
976 4010 1130 4085 consilia
1148 4030 1186 4084 et
1201 4010 1369 4084 instituta
1386 4029 1504 4085 secta·

245 4150 335 4214 rum,
356 4127 486 4225 eisque
505 4129 648 4215 merito,
676 4147 713 4202 et
731 4147 833 4202 certa
851 4129 899 4202 de
925 4129 1090 4213 scientia,
1116 4128 1293 4202 adscribit
1311 4129 1504 4203 acerbissi-

246 4272 325 4319 mas
355 4246 597 4335 calamitates,
626 4248 761 4346 quibus
794 4247 870 4322 lere
899 4247 1036 4345 ubique
1076 4247 1245 4321 Ecclesia
1277 4265 1315 4321 et
1345 4248 1505 4323 societas

244 4386 436 4442 vexantur.
480 4369 612 4443 Sectas
658 4368 726 4442 has
765 4366 1015 4442 clandestinas
1056 4368 1213 4442 furiosas
1253 4387 1291 4442 et
1325 4367 1502 4443 scelestas

283 4546 304 4586 1.
322 4532 396 4586 Eum
410 4543 505 4587 tamen
519 4544 619 4604 postea
632 4532 818 4603 probabiliter
837 4549 1008 4588 conversum
1024 4532 1112 4587 luisse
1125 4531 1250 4588 ostendit
1264 4533 1294 4586 P.
1309 4531 1425 4588 Onclair
1440 4551 1445 4587 :
1462 4533 1506 4586 La

244 4611 274 4665 F
273 4615 531 4681 runc-matonnerie
538 4615 771 4684 contemporar'ne.
786 4627 800 4667 2
816 4613 878 4681 Ed,
889 4629 950 4683 cap.
964 4624 994 4667 x.

281 4707 304 4745 2.
325 4693 388 4746 Van
404 4694 519 4762 Duerm,
533 4693 551 4747 l.
563 4711 594 4760 c.,
608 4711 634 4765 p.
653 4710 659 4746 r
667 4707 773 4762 3²·134·
