3496 5482
713 568 834 618 cxrur
864 568 1029 621 sexrun.
1435 574 1504 645 133

241 728 497 824 “opinionum
527 747 622 804 tetra
650 748 823 828 portenta
854 732 1139 809 convalescere:
1166 733 1355 832 plenoque
1384 735 1503 832 gradu

241 854 260 883 ‘⁴
279 846 433 920 audacia
444 848 648 924 ascendere
662 848 914 924 maleficorum
928 848 981 950 (¹).
999 850 1112 946 Quod
1127 852 1279 949 quidem
1291 850 1406 951 vulgo
1418 877 1503 926 con·

240 972 262 1001 ‘⁶
281 981 488 1060 queruntur
498 983 536 1040 et
546 966 940 1065 deplorant;idemque
953 995 1027 1043 non
1040 971 1147 1067 pauci
1160 996 1207 1045 ex
1220 971 1340 1068 iis,qui
1352 970 1504 1044 minime

243 1090 263 1120 ‘⁶
284 1081 432 1169 vellent,
455 1084 651 1181 perspicua
669 1085 828 1160 veritate
846 1086 1039 1183 compulsi,
1066 1088 1166 1162 haud
1197 1113 1279 1162 raro
1309 1106 1502 1164 testantur.

291 1198 348 1300 (5)
370 1211 390 1241 “
409 1203 615 1289 Praeterea,
642 1204 819 1300 quoniam
840 1223 896 1278 est
923 1204 1115 1279 hominum
1145 1224 1276 1280 natura
1294 1207 1402 1302 primi
1420 1205 1505 1280 labe

242 1328 263 1357 ‘⁸
282 1321 423 1417 peccati
443 1320 643 1418 inquinata,
665 1321 767 1396 etob
785 1322 881 1396 hanc
895 1349 1065 1397 caussam
1081 1323 1196 1398 multo
1218 1325 1265 1398 ad
1283 1325 1374 1402 vitia
1391 1350 1503 1421 quam

244 1447 263 1476 ‘⁸
285 1439 332 1512 ad
348 1439 505 1514 virtutes
525 1440 755 1536 propensior,
774 1439 846 1515 hoc
870 1441 1024 1516 omnino
1035 1443 1083 1516 ad
1096 1444 1332 1518 honestatem
1353 1442 1504 1540 requiri·

246 1567 266 1596 ‘⁴
286 1576 354 1646 tur,
375 1557 552 1633 cohibere
566 1577 691 1633 motus
709 1559 824 1633 animi
839 1560 1007 1634 turbidos
1026 1578 1064 1634 et
1083 1561 1271 1658 appetitus
1285 1561 1505 1635 obedientes

204 1691 209 1700 ’
241 1686 261 1716 “
282 1675 402 1751 lacere
431 1676 574 1751 rationi.
609 1677 653 1751 ln
675 1703 750 1774 quo
779 1678 982 1752 certamine
1010 1678 1255 1776 despicientia
1285 1678 1504 1776 saepissime

242 1795 494 1871 “adhibenda
518 1814 575 1871 est
595 1821 716 1871 rerum
736 1797 992 1886 humanarum,
1014 1799 1242 1896 maximique
1260 1797 1503 1874 exhauriendi

242 1925 262 1955 ‘⁴
281 1915 428 1992 labores
447 1943 489 1991 ac
509 1916 712 2006 molestiae,
732 1945 807 2017 quo
826 1944 934 1993 suum
953 1945 1102 2017 semper
1113 1937 1240 1996 teneat
1259 1920 1352 1993 ratio
1370 1918 1503 1992 victrix

243 2044 264 2075 “
286 2036 547 2135 Principatum.

293 2165 314 2194 “
333 2155 473 2231 Verum
490 2157 750 2234 'Naturalistae
765 2176 802 2233 et
820 2159 1029 2246 Massones,
1039 2158 1139 2233 nulla
1156 2159 1325 2236 adhibita
1336 2163 1379 2237 iis
1394 2165 1504 2239 rebus

243 2283 264 2313 “
282 2273 463 2373 fide,quas
480 2277 567 2352 Deo
580 2295 732 2352 auctore
745 2278 1200 2376 cognovimus,parentem
1213 2282 1363 2378 generis
1377 2281 1505 2356 huma·

244 2401 265 2432 '‘
278 2394 315 2467 ni
334 2412 475 2494 negant
493 2394 718 2492 deliquisse:
736 2414 1008 2492 proptereaque
1027 2395 1182 2470 liberum
1202 2397 1395 2472 arbitrium
1415 2397 1504 2472 nihil

244 2516 423 2589 “viribus
438 2523 670 2589 attenuatum
687 2525 723 2589 el
740 2516 961 2589 inclinatum
979 2514 1023 2616 (²)
1042 2534 1184 2613 putant.

294 2630 350 2732 (6)
370 2642 390 2673 “
411 2633 513 2730 Quin
534 2633 648 2709 immo
662 2652 938 2733 exaggerantes
953 2653 1106 2708 naturae
1125 2634 1304 2710 virtutem
1323 2654 1362 2712 et
1384 2637 1505 2713 excel·

244 2760 265 2791 ‘¹
285 2749 448 2837 lentiam,
470 2754 505 2825 in
521 2778 640 2849 eaque
652 2752 874 2851 principium
893 2771 931 2826 et
948 2778 1115 2827 normam
1132 2753 1294 2829 iustitiae
1311 2755 1418 2830 unice
1432 2755 1504 2830 col-

245 2885 265 2913 “
285 2873 461 2961 locantes,
494 2900 540 2950 ne
571 2875 738 2973 cogitare
765 2875 917 2971 quidem
933 2892 1100 2971 possunt,
1121 2875 1169 2948 ad
1189 2875 1378 2949 sedandos
1410 2874 1504 2949 illius

243 2991 446 3089 “impetus
482 2994 744 3091 regendosque
779 2992 967 3090 appetitus
1007 2992 1157 3066 assidua
1192 2992 1432 3068 contentione
1467 3010 1505 3069 et

242 3120 263 3151 “
281 3139 427 3188 summa
445 3140 541 3212 opus
568 3140 652 3188 esse
678 3113 897 3188 constantia.
922 3113 982 3186 Ex
1002 3139 1077 3210 quo
1096 3114 1267 3188 videmus
1286 3113 1401 3214 vulgo
1419 3139 1504 3211 sup-

243 3241 263 3272 “
276 3233 437 3329 peditari
455 3234 668 3308 hominibus
689 3233 880 3309 illecebras
900 3231 1033 3307 multas
1048 3232 1291 3329 cupiditatum
1309 3232 1504 3329 ;epheme·

243 3363 263 3391 “
284 3351 381 3426 ridas
400 3352 764 3451 commentariosque
785 3351 884 3426 nulla
904 3376 970 3426 nec
984 3351 1230 3447 temperantia
1245 3376 1313 3425 nec
1325 3375 1503 3426 verecun-

137 3569 140 3576 .
243 3471 373 3557 “dia;
408 3469 516 3544 ludos
552 3471 720 3545 scenicos
754 3471 802 3544 ad
839 3469 1026 3543 licentiam
1059 3469 1247 3568 insignes;
1282 3485 1504 3567 argumenta

244 3600 262 3628 ‘⁸
281 3589 415 3664 artium
435 3616 481 3664 ex
502 3590 554 3676 iis,
575 3617 669 3688 quas
688 3608 823 3666 vocant
850 3589 1022 3676 Verismz‘,
1038 3587 1184 3688 legibus
1197 3608 1373 3686 proterve
1391 3614 1502 3686 quae-

244 3718 264 3747 “
279 3708 350 3782 sita
367 3709 600 3807 ;excogitata
618 3708 802 3784 subtiliter
819 3709 921 3783 vitae
938 3707 1092 3782 artificia
1110 3706 1290 3781 delicatae
1303 3725 1341 3782 et
1360 3704 1480 3782 mollis
1495 3732 1503 3795 ;

244 3827 403 3901 “omnia
421 3827 583 3926 denique
602 3809 811 3926 conquisita
830 3826 1064 3923 voluptatum
1077 3826 1349 3914 blandimenta,
1367 3826 1504 3925 quibus

243 3945 397 4041 “sopita
416 3945 534 4019 virtus
556 3946 766 4020 conniveat.
791 3947 835 4019 ln
863 3971 937 4043 quo
966 3945 1149 4042 flagitiose
1174 3945 1323 4029 faciunt,
1343 3944 1410 4017 sed
1433 3944 1503 4017 sibi

244 4064 484 4138 “admodum
512 4084 695 4151 constant,
726 4065 789 4164 qui
818 4066 1119 4163 expectationem
1149 4064 1282 4139 tollunt
1319 4064 1501 4138 bonorum

242 4190 262 4218 ‘⁶
281 4180 509 4267 coelestium,
522 4207 747 4280 omnemque
766 4184 812 4257 ad
833 4208 891 4255 res
910 4180 1085 4257 mortales
1101 4181 1314 4256 felicitatem
1326 4180 1505 4254 abiiciunt

243 4309 263 4338 “
283 4299 444 4396 etquasi
464 4299 687 4399 demergunt
707 4301 743 4375 in
764 4321 910 4376 terram.

278 4503 299 4541 1.
314 4487 427 4542 Videsis
454 4505 504 4557 pro
526 4489 742 4544 confirmatione
767 4490 908 4544 dictorum
934 4489 1096 4544 Beatissimi
1120 4490 1214 4544 Patris
1240 4486 1381 4557 lugendos
1399 4487 1506 4543 fructus

240 4566 418 4622 educationis
429 4568 509 4623 laicae
522 4569 667 4638 expositos
680 4571 709 4624 in
729 4570 855 4640 pluribus
875 4569 1099 4640 Ephemeridum
1112 4569 1249 4638 articulis,
1268 4569 1327 4622 imo
1340 4566 1398 4622 lere
1415 4567 1506 4639 quoti·

241 4647 343 4713 dianis‚
357 4646 404 4716 qui
420 4647 628 4703 inscribuntur:
642 4649 827 4704 Crr’minalitl
836 4651 868 4704 de
880 4651 1025 4722 l’ensance.

278 4741 302 4780 2.
318 4726 404 4795 Trid,
416 4729 492 4783 Sess.
504 4729 555 4797 v1,
570 4729 746 4800 Dejustffic.‚
760 4747 783 4785 c.
800 4745 821 4785 1.
