3496 5482
1168 459 1564 475 Ἣ

312 525 383 578 110
718 523 811 573 PAPA
838 522 898 573 SIT
925 523 1000 572 REX
1038 524 1165 574 ROlllAE.

308 689 430 763 minus
466 714 579 787 quam
613 686 903 763 ecclesiasticam
940 686 1201 762 haereticorum
1232 688 1388 763 istorum
1433 687 1579 788 placitis

306 806 477 883 convelli.
501 807 588 882 Hoc
616 806 741 893 fiebat,
755 824 795 880 ut
815 806 896 904 ipsa
919 806 1109 882 societatis
1135 808 1308 882 humanae
1335 809 1579 883 fundamenta

308 951 382 1000 non
402 924 716 1001 labefactarentur
730 925 853 1010 mod0,
868 924 934 999 sed
950 925 1100 1022 penitus
1112 926 1404 1000 destruerentur.
1424 925 1576 1001 Etenim

307 1069 392 1147 quae
408 1044 595 1119 docebant
615 1041 813 1128 Fraticelli,
833 1067 993 1141 quaeque
1012 1044 1082 1142 ipsi
1101 1044 1148 1119 ab
1164 1044 1412 1119 anterioribus
1431 1044 1577 1119 haereti·

307 1163 360 1237 cis
378 1180 541 1261 accepta,
559 1161 719 1259 posteris
739 1160 946 1248 tradebant,
961 1161 1143 1237 exhibent
1157 1181 1334 1261 systema,
1350 1163 1452 1260 quod
1465 1162 1577 1237 hodie

271 1342 273 1346 ,
306 1278 558 1355 socialismum
577 1297 615 1354 et
627 1277 943 1354 communismum
962 1305 1152 1366 vocamus,
1173 1305 1270 1355 nova
1289 1280 1442 1378 quidem
1458 1279 1574 1354 norni-

310 1423 367 1486 na,
383 1398 450 1473 sed
470 1422 615 1472 errores
634 1396 779 1494 antiqui
798 1393 853 1495 (¹).
872 1396 889 1423 ”

361 1516 423 1591 De
440 1515 620 1591 doctrinis
634 1532 760 1589 autem
773 1515 1025 1589 Hussrtarum
1044 1532 1175 1589 notant
1188 1515 1301 1590 iidem
1323 1514 1576 1592 Bollandiani:

309 1636 663 1712 “Animadvertere
698 1634 784 1710 licet
824 1635 1003 1710 Hussitas
1041 1636 1210 1711 Luthero
1246 1635 1346 1710 viam
1383 1635 1573 1710 stravisse.

308 1754 623 1830 Animadvertere
640 1778 791 1852 quoque
813 1754 923 1852 juvat
942 1754 1151 1829 istiusmodi
1178 1754 1369 1829 doctrinas
1414 1779 1489 1828 non
1516 1778 1574 1828 so·

307 1873 382 1948 lum
411 1873 677 1973 rempublicam
699 1872 992 1949 ecclesiasticam
1014 1873 1081 1948 sed
1107 1890 1145 1948 et
1173 1872 1319 1950 civilem
1345 1890 1570 1971 appetere...

308 1991 395 2087 Qua
414 1992 558 2067 ratione
576 1991 687 2091 plene
700 1991 916 2075 elucidatur,
930 2017 996 2067 cur
1007 1991 1195 2089 principes
1214 1990 1573 2088 saecularesperver·

308 2137 368 2186 sas
387 2112 575 2186 doctrinas
605 2112 641 2185 in
673 2111 798 2211 regnis
830 2112 907 2186 suis
933 2111 1140 2187 consistere
1167 2111 1268 2208 passi
1297 2136 1373 2185 non
1391 2110 1476 2197 sint,
1505 2109 1572 2185 sed

308 2255 472 2304 errorum
493 2246 738 2327 promotores
760 2247 801 2303 ut
829 2228 1042 2327 reipublicae
1069 2248 1145 2304 tam
1173 2229 1292 2303 civilis
1314 2254 1426 2326 quam
1456 2227 1572 2302 eccle·

307 2348 466 2422 siasticae
486 2348 612 2422 hostes
633 2346 852 2421 manifestos
872 2347 1080 2434 habuerint,
1102 2365 1139 2422 et
1158 2346 1350 2445 suppliciis
1368 2346 1569 2421 affecerint.

306 2509 357 2522 —
378 2463 493 2539 Nulla
510 2465 695 2563 siquidem
714 2465 877 2539 humana
897 2467 1058 2540 societas
1086 2484 1185 2540 stare
1210 2483 1344 2563 potest,
1367 2464 1436 2538 nisi
1462 2464 1571 2539 tutari

306 2608 348 2657 se
376 2581 495 2680 possit
513 2582 560 2656 ab
591 2583 645 2670 iis,
667 2583 729 2681 qui
765 2584 848 2681 ejus
879 2582 1164 2658 fundamentum
1192 2582 1440 2670 labefactant;
1458 2601 1571 2680 atque

305 2701 486 2775 doctrinae
508 2702 751 2776 Hussitarum
765 2728 811 2776 eo
826 2702 1073 2789 deducebant,
1088 2720 1128 2775 ut
1148 2700 1269 2776 nullus
1289 2720 1389 2776 esset
1407 2700 1489 2774 sive
1505 2726 1571 2775 rex

304 2819 386 2893 sive
404 2820 589 2906 sacerdos,
616 2820 680 2918 qui
708 2820 886 2917 populum
914 2845 1046 2918 regere
1076 2818 1228 2903 valeret,
1250 2838 1288 2893 et
1314 2818 1571 2916 unusquisque

303 2962 371 3034 pro
389 2938 541 3011 arbitrio
560 2955 598 3010 et
624 2937 778 3011 libidine
797 2964 885 3012 suas
909 2938 1089 3023 actiones
1112 2935 1213 3010 nullo
1240 2936 1288 3009 ad
1316 2935 1411 3009 alios
1439 2934 1570 3010 habito

303 3072 484 3151 respectu,
501 3054 694 3154 dirigeret:
708 3055 806 3129 unde
820 3054 994 3129 humanae
1008 3054 1198 3129 societatis
1214 3053 1403 3129 vinculum
1417 3054 1571 3128 omnino

301 3171 481 3269 disrumpi
503 3198 656 3247 necesse
677 3190 756 3247 erat
776 3172 830 3273 (²)
853 3173 870 3200 ''

355 3289 770 3365 Pseudoresormatores
801 3291 926 3365 saeculi
957 3291 1066 3377 XVl,
1098 3291 1304 3388 praesertim
1342 3316 1433 3365 vero
1469 3291 1571 3364 Ana·

302 3407 484 3504 baptistae,
500 3408 590 3505 quid
620 3409 719 3483 aliud
751 3410 1048 3507 praedicaverunt
1075 3410 1145 3482 nisi
1166 3408 1407 3490 rebellionem
1440 3428 1570 3482 contra

302 3527 520 3628 religionem
535 3554 577 3602 ac
591 3530 740 3604 civilem
755 3532 1024 3617 auctoritatem,
1038 3530 1225 3627 abjectum
1241 3529 1568 3612 communismum,

301 3646 528 3744 crudemque
553 3646 803 3722 socialismum
823 3647 898 3748 (³)?
932 3648 1114 3747 Legendo
1135 3647 1324 3720 doctrinas
1353 3672 1482 3720 eorum
1503 3647 1568 3719 im·

302 3763 472 3853 morales,
487 3764 659 3840 crederes
678 3782 715 3839 te
735 3766 955 3840 modernum
970 3765 1199 3840 'socialistam
1222 3764 1338 3839 Bebel
1358 3763 1493 3863 legere.

355 3881 389 3956 C
386 3881 407 3980 )
437 3881 481 3955 ln
513 3883 622 3957 tertia
653 3884 808 3981 epocha,
835 3884 959 3982 sopito
978 3883 1102 3958 lurore
1121 3881 1253 3957 bellico
1282 3908 1350 3979 pro
1378 3880 1569 3981 religione,

301 3999 406 4075 flavit
441 4001 591 4099 spiritus
612 4001 1045 4100 pseudophilosrplricus,
1083 4001 1227 4086 atheus,
1266 4001 1417 4074 criticus
1455 4018 1569 4097 atque

300 4143 480 4218 paganus.
514 4118 565 4192 Et
600 4143 684 4192 cum
714 4144 863 4217 semper
886 4119 1007 4193 adhuc
1038 4117 1260 4215 superstites
1285 4135 1392 4190 erant
1424 4113 1569 4212 antiqui

300 4258 454 4323 errores,
475 4234 513 4309 hi
533 4236 686 4311 tandem
705 4255 742 4311 et
760 4236 941 4334 quidquid
957 4236 993 4309 in
1013 4234 1220 4309 haeresibus
1242 4252 1280 4308 et
1300 4235 1337 4307 in
1357 4233 1568 4330 quibusque

1076 4380 1180 4386 ....—-—
1396 4373 1557 4383 ...-.-—---

340 4451 361 4492 1.
380 4439 447 4495 Vita
460 4441 489 4497 S.
502 4442 622 4512 Joannis
636 4438 807 4510 Capistrani,
822 4454 856 4508 23
869 4440 1011 4495 Octobris.
1026 4439 1107 4507 Boll,
1121 4447 1141 4493 t.
1155 4437 1197 4507 58,
1211 4454 1274 4507 pag.
1285 4451 1345 4506 324,
1361 4453 1388 4490 n.
1403 4447 1461 4502 179.

341 4533 366 4572 2.
400 4520 481 4590 lbid,
495 4539 522 4591 p.
537 4536 597 4590 334,
611 4536 638 4575 n.
654 4534 713 4572 210.

336 4599 404 4670 Η.
422 4600 553 4671 Janssen,
578 4599 779 4669 L’Arlemagm
804 4607 831 4653 et
854 4600 885 4655 la
909 4600 1046 4671 Rdforme,
1068 4609 1086 4653 t.
1111 4599 1168 4668 llI,
1187 4597 1234 4653 liv.
1257 4613 1282 4666 2,
1304 4598 1386 4666 chap.
1413 4594 1480 4664 Vll,
1506 4590 1521 4663 ὃ
1542 4606 1566 4662 3,

263 4768 264 4775 Ν
301 4696 327 4748 u·
347 4694 407 4748 ³34·
