3496 5482
649 550 772 604 cauus
798 552 984 609 suerrum.
1402 557 1449 636 57

191 649 1448 681 Ἣ

196 714 273 790 Sed
292 714 390 790 absit
408 743 415 790 :
433 716 511 814 pari
531 717 630 792 enirn
645 719 730 817 jure
741 718 913 806 dixerint,
936 746 984 796 ne
1005 721 1206 820 Episcopis
1219 723 1370 819 quidem
1385 742 1449 800 aut

197 833 430 932 Presbyteris
445 861 529 910 esse
546 836 796 911 adhibendam
812 837 934 925 fidem,
949 865 1033 913 cum
1049 841 1246 915 sacerdotii
1260 842 1315 915 sui
1332 842 1448 918 hono·

191 977 269 1027 rem
284 952 486 1051 praedicant
501 981 509 1041 ;
527 955 628 1051 quod
655 973 785 1030 contra
799 974 866 1031 est.
891 958 992 1031 Nam
1006 958 1143 1056 quibus
1161 959 1266 1033 Deus
1286 960 1447 1061 singula-

193 1096 271 1145 rem
303 1069 456 1146 honoris
486 1073 754 1172 dignitatisque
798 1076 1086 1174 praerogativam
1117 1077 1284 1166 contulit,
1317 1080 1446 1154 iisdem

193 1189 349 1286 inspirat
367 1215 498 1264 verum
527 1192 575 1265 de
593 1216 661 1266 sua
688 1208 875 1290 potestate
893 1218 1058 1281 sensum,
1077 1211 1117 1268 ut
1135 1219 1181 1269 ea
1209 1196 1246 1268 in
1269 1195 1445 1284 Domino,

194 1333 277 1381 curn
310 1333 369 1384 res
397 1313 619 1409 poposcerit,
650 1310 766 1388 libere
796 1330 834 1388 et
865 1315 1098 1390 confidenter
1116 1334 1277 1405 utantur,
1308 1317 1448 1415 fiatque

123 1500 134 1507 ..
192 1424 281 1499 illud
299 1428 400 1524 quod
419 1429 471 1504 ait
492 1428 627 1505 Paulus
645 1458 652 1506 :
683 1432 903 1528 Accepimus
921 1432 1113 1531 Spiritum
1131 1437 1200 1531 qui
1224 1462 1271 1509 ex
1286 1436 1368 1510 Deo
1383 1446 1445 1523 est,

174 1553 234 1647 yut
256 1546 415 1620 sciamus
440 1574 522 1645 quae
538 1574 562 1622 a
591 1550 669 1623 Deo
691 1550 826 1624 donata
843 1560 931 1624 sunt
961 1552 1062 1625 nobis
1080 1550 1134 1652 (¹).
1157 1552 1270 1647 Quod
1295 1554 1445 1651 quidem

197 1664 312 1739 semel
332 1664 391 1740 hic
409 1666 532 1742 dicere
552 1668 698 1766 placuit,
714 1687 754 1744 ut
768 1672 1001 1746 temerariam
1016 1698 1059 1746 ac
1074 1673 1276 1771 pessimam
1294 1700 1446 1772 respon-

70 1882 73 1887 ·
190 1782 334 1858 sionem
353 1787 582 1864 confutarem
603 1787 658 1887 (²).
683 1787 701 1815 ”

245 1903 396 1982 Deinde
426 1907 801 1983 animadvertendum
829 1909 929 2006 quod
963 1934 1036 1983 non
1066 1936 1169 1987 more
1199 1883 1444 2008 superborum

198 2024 409 2124 Principum
429 2046 467 2104 et
478 2029 752 2104 dominatorum
772 2030 883 2128 hujus
897 2029 1032 2130 saeculi,
1045 2031 1181 2106 Vicarii
1202 2031 1341 2107 Christi
1353 2049 1446 2106 tem·
1544 2061 1546 2067 ⁴

193 2143 357 2243 poralem
377 2147 446 2221 sibi
462 2147 713 2246 Principatum
734 2148 1014 2235 vindicaverint,
1031 2149 1098 2223 sed
1111 2151 1219 2225 unice
1238 2150 1337 2224 ducti
1357 2168 1445 2225 sunt

194 2266 421 2342 conscientia
440 2268 603 2342 muneris
624 2268 692 2342 sui.
715 2267 818 2342 “Ad
838 2267 933 2342 hanc
962 2269 1235 2344 restitutionem
1256 2270 1445 2366 postulan-

191 2385 278 2458 dam
299 2411 502 2473 movemur‚
531 2387 682 2486 -jam
714 2385 808 2460 dixit
830 2371 910 2461 Leo
941 2386 1047 2460 XIII
1070 2387 1175 2462 initio
1206 2388 1446 2486 pontificatus

192 2504 260 2591 sui,
282 2504 334 2579 uti
353 2530 465 2602 supra
483 2504 655 2591 vidimus,
671 2529 808 2578 -non
823 2504 1038 2579 ambitionis
1052 2505 1177 2579 studio
1195 2525 1259 2580 aut
1278 2506 1444 2581 domina·
1489 2597 1490 2601 Ἴ
1604 2497 1609 2506 ’

192 2621 302 2697 tionis
320 2623 546 2720 cupiditate;
565 2623 631 2721 sed
643 2622 754 2697 officii
772 2622 904 2696 Nostri
924 2622 1067 2697 ratione
1086 2640 1123 2698 et
1136 2623 1321 2723 religiosis
1342 2625 1444 2700 iuris-

192 2735 510 2824 iurandivinculis
528 2741 663 2838 quibus
682 2739 951 2839 obstringimur
968 2770 975 2829 ;
994 2759 1031 2815 et
1052 2741 1135 2826 iarn,
1156 2742 1257 2840 quod
1276 2740 1444 2839 explora-

191 2860 374 2935 tissimum
393 2881 460 2948 est,
469 2887 556 2950 cum
569 2861 617 2936 de
636 2858 830 2958 temporali
849 2860 1062 2958 Principatu
1078 2860 1190 2936 Sedis
1202 2861 1445 2960 Apostolicae

110 3017 113 3023 ¹
188 2981 319 3080 agitur,
340 2981 475 3081 publici
495 2982 606 3057 etiam
626 2980 715 3055 boni
730 3000 767 3054 et
786 2978 915 3053 salutis
930 2980 1043 3054 totius
1056 2980 1241 3056 humanae
1255 2981 1444 3056 societatis

181 3097 359 3175 'caussam
378 3101 510 3202 agitari
530 3099 586 3202 (³).
607 3100 626 3129 ''
714 3100 722 3166 s
1459 3087 1461 3090 Α

137 3303 140 3311 ,
240 3229 259 3258 “
283 3219 326 3294 In
355 3220 656 3319 propugnatione
676 3218 764 3292 iuris
790 3217 923 3291 Nostri
948 3243 1022 3292 non
1042 3217 1195 3293 tutelam
1216 3219 1268 3293 rei
1289 3217 1443 3293 alicuius

127 3332 131 3338 ¹
187 3338 352 3415 mortalis
367 3340 489 3414 Nobis
502 3340 744 3438 proponimus
759 3356 949 3437 tamquam
962 3339 1086 3426 finem,
1099 3340 1165 3415 sed
1179 3339 1319 3414 maiora
1331 3366 1442 3437 quae·
1520 3439 1523 3445 ³
1643 3435 1648 3441 ἡ

186 3459 272 3534 darn
291 3478 404 3559 atque
435 3460 566 3562 altiora
586 3478 808 3558 spectamus.
841 3458 1027 3533 Videlicet
1057 3458 1170 3534 fidem
1201 3458 1441 3533 christianam

185 3579 397 3654 conservari
417 3579 611 3679 integram,
632 3595 842 3675 utoportet,
865 3576 1036 3651 volumus
1052 3604 1059 3651 :
1074 3577 1153 3652 eius
1166 3577 1266 3652 enim
1287 3593 1442 3652 vocatur

187 3697 224 3772 in
243 3697 444 3774 discrimen
463 3697 697 3774 incolumitas
716 3696 771 3799 (⁴).
793 3697 811 3724 ”
1387 3701 1390 3705 ’

236 3815 277 3891 Si
301 3817 465 3894 Romani
485 3818 684 3893 Pontifices
717 3834 816 3891 stant
845 3815 1055 3891 immobiles
1075 3834 1113 3891 et
1132 3815 1217 3890 valli
1250 3816 1441 3891 fortissimi

186 3934 301 4010 instar
319 3936 365 4010 ad
385 3936 563 4011 tuendam
594 3952 819 4032 potestatem
840 3933 985 4008 civilem
1017 3934 1055 4007 S.
1079 3933 1200 4021 Sedis,
1221 3952 1369 4033 oportet
1390 3953 1439 4022 ut,

183 4052 325 4150 Spiritu
344 4072 474 4129 sancto
487 4054 701 4151 inspirante,
716 4052 923 4126 dominium
940 4051 1028 4125 illud
1048 4078 1115 4126 ceu
1130 4051 1302 4127 absolute
1314 4077 1441 4127 neces·

183 4171 319 4246 sarium
338 4172 409 4246 sibi
428 4172 674 4246 considerent.
693 4171 845 4244 Etenim
865 4171 901 4243 in
921 4169 1002 4243 aliis
1021 4169 1291 4267 quaestionibus
1311 4170 1440 4244 immu·
1508 4223 1512 4229 -

183 4289 308 4364 nitatis
320 4309 476 4387 paterno
488 4290 601 4364 modo
614 4288 770 4363 multum
783 4305 1047 4362 concesserunt
1058 4287 1259 4386 exigentiis
1274 4305 1438 4362 statuum

182 4429 379 4440 *Q-——-—-.

221 4499 242 4540 r.
263 4486 412 4552 lCor.,11,
430 4499 470 4539 12.

216 4579 241 4619 2.
262 4566 328 4636 Des.
342 4565 443 4618 declar.
453 4565 525 4618 cleri
534 4565 644 4632 Gallie,
658 4563 705 4619 lib.
723 4579 763 4633 10,
774 4580 797 4618 c.
812 4563 836 4617 6.

218 4658 242 4712 3.
263 4645 380 4713 Encycl.
394 4644 587 4712 Inscrutabili‚
598 4659 629 4698 21
646 4642 734 4715 April.
753 4645 827 4710 1878.

216 4738 241 4790 4
262 4725 352 4779 Aloe:
362 4739 397 4795 30
410 4725 479 4779 Dec.
498 4724 572 4792 1889.
