3496 5482
703 559 824 609 canuc
852 557 1051 620 Quaerunt.
1463 557 1502 628 71
1524 629 1526 631 ι

246 723 329 798 talis
359 740 418 798 est
448 722 634 797 institutio
665 721 898 819 Principatus
942 720 1062 795 civilis
1097 720 1257 795 Romani
1299 721 1540 797 Pontificis.'

248 842 363 941 Ergo.
1644 839 1647 844 ’

298 970 319 1002 “
344 960 472 1060 Major
485 967 598 1057 patet,
614 977 691 1033 tum
704 960 792 1056 quia
811 960 1000 1057 proprium
1020 978 1077 1035 est
1096 961 1233 1035 divinae
1255 960 1507 1037 Providentiae

165 1176 168 1181 Ι
245 1078 446 1154 efficaciter
464 1076 572 1152 simul
592 1095 629 1153 et
658 1077 834 1163 suaviter,
857 1095 987 1175 utpote
1018 1079 1185 1153 omnium
1209 1104 1404 1153 causarum
1427 1079 1506 1153 Do·

246 1196 366 1282 minae,
388 1192 499 1271 finem
520 1221 627 1269 suum
646 1196 806 1293 assequi,
829 1213 907 1271 tum
926 1198 1013 1293 quia
1032 1197 1133 1294 quod
1154 1199 1293 1271 bonum
1313 1215 1381 1282 est,
1394 1214 1431 1272 et
1458 1198 1505 1271 ad

245 1314 356 1391 finem
377 1316 559 1390 intentum
580 1316 765 1402 conducit,
793 1343 868 1392 non
900 1318 1126 1416 permissum
1148 1319 1215 1392 sed
1235 1317 1391 1392 volitum
1411 1344 1432 1390 a
1451 1318 1504 1391 di·

245 1433 332 1507 vina
354 1433 595 1510 Providentia
613 1434 813 1509 dicendum
830 1454 897 1508 est.

297 1561 318 1591 ‘⁴
340 1551 468 1626 Minor
499 1570 623 1627 autem
655 1553 842 1648 probatur.
865 1553 985 1627 -Et
1009 1553 1128 1651 primo
1147 1552 1299 1649 quidem
1330 1554 1503 1651 eoquod

244 1667 408 1742 efficacia
420 1688 457 1745 et
469 1671 634 1745 suavitas
649 1669 929 1766 praeclarissime
942 1669 1205 1767 splendescent
1218 1673 1253 1744 in
1270 1671 1503 1745 institutione

248 1786 483 1883 Principatus
497 1786 625 1871 civilis,
647 1787 710 1885 qui
730 1788 810 1863 sine
830 1788 865 1863 vi
885 1808 923 1863 et
943 1788 1081 1875 fraude,
1104 1789 1194 1885 ipsis
1215 1789 1336 1862 causis
1357 1806 1502 1862 natura·

244 1901 340 1977 libus
354 1905 584 2002 juvantibus,
607 1930 805 2001 rerumque
824 1906 954 1987 ordine
974 1905 1088 1980 veluti
1105 1905 1346 2004 efflagitante,
1363 1908 1502 1980 sensim

244 2021 325 2096 sine
343 2048 455 2096 sensu
486 2021 662 2109 adolevit,
685 2049 867 2120 suamque
900 2023 1112 2099 firmitatem
1144 2024 1318 2098 omnibus
1347 2038 1502 2100 consen-

244 2139 421 2215 tientibus
441 2158 571 2214 nactus
589 2158 656 2215 est.

296 2268 316 2298 ‘⁴
337 2257 451 2353 Quod
470 2275 596 2333 autem
615 2259 781 2332 secundo
814 2285 879 2355 per
908 2259 1029 2356 ipsum
1060 2260 1228 2345 maxime,
1250 2258 1320 2332 hoc
1344 2277 1401 2334 est
1421 2282 1501 2357 per·

244 2375 387 2451 lectiori
406 2376 519 2450 modo
540 2374 753 2451 obtineatur
781 2376 876 2461 finis,
896 2379 958 2474 qui
986 2394 1044 2451 est
1064 2377 1356 2474 independentia
1378 2378 1500 2452 Ponti·

237 2494 322 2573 ,ficis
340 2495 496 2592 ejusque
519 2493 628 2591 plena
647 2493 808 2580 libertas,
828 2513 867 2569 et
886 2494 935 2569 ita
955 2496 1128 2593 perfecta,
1144 2496 1268 2593 quoad
1289 2495 1359 2570 hoc
1378 2515 1497 2594 caput,

243 2611 515 2686 administratio
531 2610 760 2709 Reipublicae
775 2612 996 2699 christianae,
1011 2629 1060 2667 ’-
1075 2613 1111 2685 id
1124 2631 1181 2686 est
1197 2637 1317 2708 perse
1331 2613 1497 2688 evidens.
1594 2625 1597 2629 ’

244 2730 372 2826 Quare
391 2730 461 2804 etsi
477 2745 552 2812 non¹
572 2730 679 2804 unice
697 2730 922 2805 conduceret
936 2733 983 2804 ad
999 2730 1111 2804 finem
1131 2730 1314 2805 intentum
1333 2758 1355 2804 a
1373 2731 1501 2805 divina

246 2847 487 2922 Providentia
510 2848 743 2945 Principatus
762 2848 891 2935 civilis
913 2848 1002 2922 illud
1022 2849 1113 2923 satis
1127 2867 1229 2923 esset
1248 2867 1286 2922 ut
1314 2849 1500 2923 diceretur

242 2966 313 3042 iste
334 2966 567 3064 Principatus
587 2992 763 3040 romanus
783 2965 961 3066 singulari
974 2965 1129 3041 consilio
1144 2966 1282 3040 divinae
1299 2966 1500 3041 Providen-

243 3083 304 3159 tiae
321 3110 406 3159 esse
425 3084 626 3159 institutus.
1123 3099 1127 3106 '

294 3211 316 3241 ‘⁸
336 3201 475 3277 Verum
494 3227 578 3275 cum
598 3200 803 3275 affirmatur
824 3200 1074 3297 Principatum
1090 3200 1237 3275 civilem
1252 3227 1336 3276 esse
1356 3201 1500 3275 institu-

242 3336 321 3392 tum
353 3319 530 3419 singulari
551 3318 715 3394 ⁴consilio
748 3319 831 3405 Dei,
866 3318 955 3392 illud
982 3345 1133 3417 quoque
1161 3338 1360 3417 spectatur,
1399 3320 1500 3416 quod

243 3463 378 3536 nempe
396 3438 476 3537 ipse
493 3439 541 3512 sit
561 3438 724 3512 medium
745 3439 993 3512 necessarium
1013 3439 1060 3511 ad
1090 3437 1202 3513 finem
1229 3464 1341 3535 quem
1373 3438 1500 3511 Provi-

241 3556 369 3631 dentia
388 3557 547 3630 intendit
565 3584 572 3643 ;
592 3582 667 3630 non
685 3556 837 3653 quidem
857 3581 924 3652 per
942 3582 983 3631 se
997 3582 1062 3631 seu
1078 3555 1259 3642 absolute,
1274 3556 1340 3629 sed
1356 3555 1499 3629 ratione

242 3672 369 3749 habita
384 3692 569 3749 certorum
584 3675 856 3773 adjunctorum,
873 3674 924 3748 ita
939 3693 978 3748 ut
991 3674 1120 3772 ipsein
1135 3675 1179 3747 iis
1194 3673 1380 3770 adjunctis
1393 3673 1499 3747 unice

242 3791 365 3868 valeat
385 3790 439 3892 (¹).
460 3793 478 3819 ’'
1376 3818 1378 3823 ’

291 3925 324 3988 34
353 3910 681 4006 Quemadmodum
702 3936 896 4009 speramus
910 3912 988 3986 fore
1002 3931 1039 3984 ut
1054 3911 1261 3984 dominium
1280 3910 1496 4007 temporale,

241 4026 367 4101 divina
386 4028 610 4124 disponente
641 4029 891 4115 Providentia,
920 4029 1070 4103 Sanctae
1090 4028 1180 4102 Sedi
1194 4028 1419 4114 restituatur,
1447 4028 1498 4117 ita

242 4143 403 4219 maxime
422 4146 610 4232 convenit,
631 4164 760 4220 contra
794 4144 973 4220 Ecclesiae
1004 4145 1250 4238 adversarios,
1279 4171 1327 4219 ex
1346 4143 1499 4218 historia

241 4286 391 4359 quoque
408 4262 618 4348 ostendere,
632 4281 773 4360 quanto
788 4264 881 4360 jure,
899 4283 1113 4362 quantaque
1126 4263 1360 4338 necessitatis
1378 4263 1414 4335 vi
1429 4262 1499 4335 iste

245 4380 478 4477 Principatus
496 4380 669 4454 conditus
683 4381 740 4466 sit,
755 4399 792 4456 et
807 4408 918 4479 quam
935 4381 1050 4456 multa
1064 4400 1102 4455 et
1122 4382 1284 4455 maxima
1299 4382 1397 4454 bona
1413 4379 1499 4454 inde

245 4498 425 4574 Ecclesiae
443 4525 486 4573 ac
505 4499 676 4576 societati
694 4501 790 4582 civili
805 4503 1058 4600 provenerint.
1146 4572 1149 4577 .

458 4642 556 4649 -·-··--
563 4645 575 4649 -·
735 4648 836 4654 ——-—›-
1287 4643 1488 4653 ——.....-⁴-—--

281 4711 302 4748 ι.
322 4691 366 4746 De
378 4695 459 4748 Rern.
474 4695 567 4762 Pont,
581 4712 643 4764 pag.
661 4711 719 4766 503,
735 4712 793 4767 504.
