3496 5482
656 569 778 619 canor
808 568 971 618 eruuu.
1401 567 1443 637 13

184 732 375 830 singulare
401 732 537 804 dr'rrinoe
562 726 814 802 Provz'dentioe
841 726 1036 801 consilium
1068 728 1242 803 Romano
1275 727 1446 803 Pontifici
1493 762 1496 767 ¹

185 851 289 924 dedit
331 849 378 923 ad
414 846 662 945 apostolicum
715 871 823 918 suum
868 844 1116 919 ministerium
1154 845 1190 917 in
1235 845 1446 920 universam

187 967 395 1041 Ecclesiam
415 965 630 1063 plenissima
644 963 818 1036 libertate
833 964 1098 1049 exercendum,
1116 1007 1165 1018 —
1179 989 1264 1060 quae
1279 964 1448 1060 prolecto

186 1084 337 1159 libertas
366 1109 523 1157 summae
555 1082 728 1154 omnibus
752 1080 985 1177 Principibus
1017 1105 1114 1155 curae
1144 1107 1229 1155 esse
1259 1083 1383 1169 debet,
1405 1100 1446 1158 ut

190 1202 362 1277 Pontifex
394 1202 474 1298 ipse
507 1199 643 1274 nullius
674 1198 792 1271 civilis
824 1198 1022 1295 potestatis
1053 1198 1226 1295 impulsui
1245 1201 1447 1300 subjaceat,

185 1339 298 1419 atque
347 1320 398 1394 ita
443 1316 626 1416 spirituali
673 1317 812 1414 pariter
858 1315 1126 1390 catholicorum
1163 1317 1199 1390 in
1232 1321 1449 1395 eorumdem

166 1501 169 1506 .
190 1439 401 1535 Principum
420 1436 595 1510 dominiis
612 1434 832 1534 degentium
854 1433 1110 1531 tranquillitati
1130 1456 1278 1510 cautum
1299 1439 1347 1511 sit
1362 1439 1380 1465 '’
1394 1437 1448 1537 (¹).

239 1555 335 1650 Quae
347 1581 429 1628 cum
447 1554 496 1627 ita
510 1553 595 1640 sint,
612 1551 740 1625 nescio
760 1577 818 1637 an,
840 1569 976 1647 praeter
991 1578 1141 1626 causam
1157 1554 1205 1628 de
1218 1555 1450 1630 restituendo

191 1673 402 1770 Principatu
421 1669 519 1745 civili
545 1669 680 1743 summi
703 1668 905 1755 pontificis,
927 1671 1078 1767 majoris
1099 1672 1278 1747 momenti
1297 1674 1345 1748 sit
1364 1674 1447 1749 ulla.

191 1791 279 1865 Huc
310 1788 483 1887 provehit
515 1787 652 1862 lactum
685 1785 965 1861 fundamentale
983 1788 1182 1886 singularis
1216 1792 1450 1888 providentis

191 1913 264 1986 Dei
283 1911 440 1997 consilii,
454 1910 518 2008 qui
536 1909 789 2005 Principatum
802 1909 952 1983 civilem
965 1935 1049 1983 cum
1065 1929 1255 2006 potestate
1270 1914 1451 2010 spirituali

187 2055 332 2104 summa
350 2027 544 2127 conjunxit
564 2027 601 2100 in
619 2051 786 2100 securam
807 2025 987 2100 libertatis
1004 2028 1254 2103 sanctissimae
1284 2032 1448 2108 tutelam.

242 2148 330 2221 Huc
364 2146 466 2220 ducit
495 2143 628 2243 plenus
660 2169 749 2218 usus
772 2144 912 2242 jurium
957 2143 1186 2244 plenumque
1231 2151 1450 2226 exercitium

188 2265 494 2363 officiorumquae
508 2264 695 2362 pertinent
708 2263 744 2336 in
761 2263 868 2337 terris
882 2264 931 2337 ad
945 2265 1216 2340 veramChristi
1230 2268 1450 2347 Ecclesiam.

242 2383 329 2456 Huc
347 2383 510 2479 denique
528 2405 767 2478 summopere
788 2399 969 2479 spectant
983 2399 1021 2455 et
1049 2383 1188 2456 bonum
1208 2385 1396 2483 publicum
1416 2408 1454 2464 et

188 2501 287 2576 salus
306 2500 540 2599 populorum,
560 2526 656 2598 quos
689 2499 788 2574 nulla
807 2526 895 2598 pax,
918 2500 1166 2598 tranquillitas
1186 2503 1284 2578 nulla
1302 2531 1454 2584 manere

191 2622 347 2708 videtur,
381 2621 501 2695 donec
541 2621 642 2718 Papa
675 2620 807 2694 iterum
837 2621 884 2693 sit
911 2645 988 2706 rex,
1008 2620 1129 2695 donec
1147 2625 1368 2699 restauratio
1390 2625 1454 2702 fiat

194 2740 426 2838 Principatus
458 2739 575 2814 civilis
608 2740 646 2813 S.
680 2739 791 2815 Sedis
820 2739 1053 2837 Apostolicae
1088 2742 1280 2829 Romanae,
1318 2744 1455 2844 injuste

193 2887 215 2934 a
250 2859 489 2933 massonibus
526 2857 693 2955 usurpati
733 2882 775 2931 ac
821 2859 967 2932 retenti.

241 3001 277 3062 5.
312 2979 425 3053 Ratio
462 2976 752 3052 fundamentalis
781 3003 847 3051 cur
882 2978 988 3052 Deus
1023 2979 1274 3078 Principatum
1307 2982 1454 3058 civilem

194 3098 366 3171 Romano
388 3096 560 3171 Pontifici
595 3097 765 3170 tribuerit
795 3115 853 3171 est
886 3098 1072 3172 Primatus
1092 3101 1207 3198 ipsius
1242 3103 1305 3199 qui
1325 3105 1455 3180 unicus

191 3221 407 3318 agnoscitur
425 3220 461 3292 in
481 3219 572 3292 orbe
592 3235 771 3308 terrarum
793 3236 831 3292 et
849 3219 1029 3294 divinitus
1048 3222 1082 3293 ei
1101 3221 1169 3294 suit
1186 3221 1351 3297 collatus.

243 3340 390 3413 Tantus
420 3358 477 3412 est
505 3356 631 3413 autem
652 3337 713 3411 ille
735 3337 931 3424 Primatus,
948 3357 988 3413 ut
1008 3341 1044 3413 in
1076 3366 1122 3413 eo
1153 3342 1266 3415 totius
1282 3342 1457 3417 Ecclesia

192 3457 249 3531 vir
264 3484 307 3532 ac
324 3459 494 3533 soliditas
509 3457 699 3543 consistat,
719 3457 1040 3553 quemadmodum
1061 3458 1277 3534 solemniter
1294 3460 1457 3536 declara·

194 3575 247 3649 vit
266 3576 474 3651 Concilium
495 3579 716 3653 Vaticanum
733 3578 747 3679 (
764 3578 787 3678 ).

246 3692 347 3791 Papa
363 3721 436 3768 non
452 3696 565 3771 habet
580 3697 738 3772 similem
757 3698 827 3771 sibi
847 3697 906 3771 hic
926 3699 962 3772 in
977 3701 1083 3774 terris
1095 3703 1219 3798 quoad
1234 3702 1456 3801 dignitatem

193 3828 232 3885 et
247 3811 558 3908 jurisdictionem.

248 3928 400 4005 Etenim
420 3958 533 4005 unum
554 3933 761 4018 Simonem,
785 3933 843 4006 cui
860 3935 938 4033 jam
958 3935 1102 4032 pridem
1117 3936 1264 4011 dixerat
1288 3938 1327 4011 T
1322 3965 1347 4012 u
1358 3964 1457 4015 voca·

194 4049 289 4124 beris
303 4048 454 4147 Cephas,
475 4050 705 4125 solemnibus
736 4051 794 4124 his
822 4054 946 4127 verbis
964 4053 1146 4129 allocutus
1165 4074 1222 4130 est
1244 4055 1457 4133 Dominus:

196 4178 217 4207 ‘⁸
248 4167 387 4241 Beatus
416 4193 456 4241 es
486 4169 618 4242 Simon
653 4169 863 4265 Bar-Jona;
895 4171 984 4267 quia
1016 4197 1102 4246 caro
1132 4192 1169 4248 et
1200 4175 1352 4272 sanguis
1383 4200 1456 4249 non

195 4285 374 4359 revelavit
393 4284 469 4370 tibi,
498 4286 565 4360 sed
597 4287 707 4361 Pater
726 4313 841 4374 meus,
863 4288 926 4385 qui
954 4288 989 4361 in
1019 4289 1123 4365 coelis
1147 4309 1214 4366 est.
1235 4333 1284 4343 ...
1305 4293 1356 4367 Et
1383 4319 1457 4392 ego

195 4402 279 4476 dico
298 4402 375 4489 tibi,
395 4402 483 4500 quia
502 4423 541 4477 tu
560 4429 601 4478 es
622 4405 766 4491 Petrus,
787 4422 824 4480 et
851 4431 964 4503 super
983 4407 1079 4481 hanc
1100 4428 1244 4507 petram
1263 4410 1457 4484 aedificabo

235 4655 256 4695 1.
270 4642 359 4696 Alloc.
374 4641 407 4695 28
419 4642 496 4712 Sept.
515 4642 589 4697 1860.

233 4736 256 4774 2.
268 4721 388 4776 Constit.
403 4721 502 4792 prima.
515 4724 637 4779 Prooem.
