3496 5482
305 692 347 740 12
709 695 802 744 PAPA
830 695 889 745 SIT
917 695 992 745 REX
1022 696 1149 746 ROMAE.

299 873 441 929 naturae
476 881 697 954 congruens,
728 876 766 932 et
795 859 954 955 probant
977 858 1117 933 divinat
1146 859 1373 935 documenta
1403 861 1559 960 Sapien-

299 972 360 1045 tiae
379 972 433 1070 (¹),
448 973 588 1071 ”quale
602 991 640 1048 et
662 975 741 1051 Leo
753 976 860 1050 XIII
879 977 914 1049 in
927 975 1059 1051 litteris
1081 977 1292 1075 Encyclicis
1306 980 1354 1052 de
1365 980 1558 1055 civitatum

298 1091 566 1166 constitutione
584 1092 786 1167 christiana
807 1095 915 1171 nobis
934 1095 1123 1192 explicuit.

349 1211 452 1305 Quid
471 1213 604 1287 mirum
630 1215 742 1313 igitur
760 1216 790 1290 si
809 1241 958 1289 causam
991 1217 1224 1314 Principatus
1249 1216 1369 1291 civilis
1396 1219 1558 1292 Romani

301 1327 490 1403 Pontificis
520 1333 667 1406 unz'com
699 1359 782 1408 esse
811 1334 987 1420 dicamus
1009 1360 1093 1408 cum
1122 1351 1177 1409 tot
1206 1352 1385 1433 tantaque
1407 1337 1493 1433 jura
1520 1355 1558 1410 et

297 1444 418 1519 officia
451 1446 488 1522 S.
524 1448 634 1522 Sedis
661 1476 743 1522 cum
773 1452 853 1548 ipsa
882 1452 956 1525 sint
985 1476 1156 1527 connexa
1189 1471 1228 1526 ut
1256 1478 1304 1526 ne
1322 1453 1385 1532 vix
1404 1454 1556 1550 quidem

297 1562 413 1637 altera
431 1590 543 1639 causa
563 1567 721 1641 inveniri
742 1571 860 1665 possit
879 1570 1049 1667 ejusdem
1071 1570 1281 1644 momentI?

347 1681 626 1772 Verumtamen,
649 1703 688 1761 ut
708 1686 832 1762 verbis
851 1706 999 1762 utamur
1022 1689 1161 1763 Leonis
1181 1687 1286 1762 XIII
1308 1715 1316 1761 ε
1337 1697 1357 1727 “
1378 1689 1440 1762 Ad
1460 1688 1556 1763 hanc

298 1789 571 1876 restitutionem
600 1803 861 1900 postulandam
894 1831 1154 1880 movemur
1177 1832 1252 1882 non
1284 1805 1405 1881 solum
1435 1832 1557 1882 exeo

296 1921 397 2018 quod
420 1922 653 2020 Principatus
672 1924 731 1998 hic
749 1927 796 1999 ad
817 1925 964 2022 plenam
990 1927 1201 2001 libertatem
1232 1925 1433 2021 spiritualis
1454 1945 1555 2024 pote·

296 2039 403 2113 statis
422 2042 600 2116 tuendam
615 2044 987 2141 conservandamque
1006 2064 1065 2118 est
1084 2044 1315 2118 necessarius
1331 2070 1339 2116 ε
1354 2044 1421 2117 sed
1441 2044 1554 2117 etiam
1657 2121 1662 2132 ,

296 2160 397 2255 quod
412 2161 749 2257 exploratissimum
765 2181 919 2250 est,cum
934 2164 982 2238 de
996 2163 1190 2260 temporali
1214 2163 1427 2259 Principatu
1443 2161 1555 2236 Sedis

297 2277 524 2375 apostolicae
535 2280 666 2379 agitur,
669 2282 816 2376 publici
828 2284 941 2355 etiam
956 2283 1041 2357 boni
1055 2292 1089 2355 et
1099 2282 1234 2355 salutis
1246 2281 1360 2355 totius
1372 2279 1557 2353 humanae

296 2396 474 2470 societatis
492 2424 659 2472 caussam
679 2400 811 2496 agitari
831 2400 885 2498 (²).
908 2400 925 2428 ”

348 2516 472 2591 Causa
489 2543 581 2616 ergo
598 2520 762 2617 agitatur
779 2519 908 2593 salutis
939 2539 1017 2594 tum
1047 2515 1272 2615 temporalis,
1295 2535 1373 2590 tum
1405 2534 1556 2589 aeternae

296 2635 463 2708 omnium
483 2652 521 2710 et
539 2636 771 2735 singulorum
791 2638 940 2711 civium.

348 2750 472 2827 Causa
490 2754 653 2853 agitatur
666 2756 761 2854 juris
781 2754 916 2852 publici
936 2755 972 2829 in
994 2780 1079 2851 qua,
1096 2771 1136 2827 ut
1155 2753 1206 2826 ait
1227 2752 1314 2825 Pius
1338 2750 1408 2836 IX,
1428 2750 1554 2849 agitur

297 2869 345 2943 de
371 2869 522 2945 immani
559 2872 771 2959 violatione,
793 2899 877 2970 quae
895 2890 1026 2946 contra
1055 2868 1267 2945 universale
1295 2869 1465 2967 gentium
1488 2870 1553 2966 jus

300 2998 320 3027 “
353 2988 523 3086 nequiter
553 3008 611 3065 est
646 3009 800 3088 patrata,
833 3016 992 3088 quaeque
1037 2990 1106 3063 nisi
1138 2989 1291 3062 omnino
1331 3004 1554 3070 coerceatur,

298 3105 397 3179 nulla
415 3106 591 3204 deinceps
623 3108 780 3207 legitimi
807 3110 987 3207 cujusque
1009 3108 1104 3207 juris
1132 3105 1287 3181 firmitas
1314 3131 1356 3179 ac
1375 3104 1555 3180 securitas

297 3225 435 3322 poterit
461 3225 677 3301 consistere.
699 3226 717 3253 ”

348 3342 472 3417 Causa
499 3344 662 3440 agitatur
687 3344 827 3419 ordinis
855 3342 1002 3441 publici,
1032 3343 1068 3416 in
1093 3369 1168 3441 qua
1194 3341 1475 3439 dijudicandum
1497 3356 1555 3413 est

300 3471 321 3500 “
340 3462 387 3535 de
415 3461 626 3537 rebellionis
657 3463 849 3560 principio,
880 3488 926 3537 ex
953 3487 1028 3559 quo
1062 3486 1220 3558 pronum
1252 3479 1310 3535 est
1347 3458 1555 3557 intelligere

297 3597 477 3677 quantum
495 3581 715 3679 cuicumque
728 3579 922 3655 Gubernio
940 3580 1138 3653 discrimen
1159 3579 1195 3652 in
1214 3579 1295 3652 dies
1307 3593 1551 3674 comparetur,

297 3718 335 3772 et
348 3716 488 3796 quanta
515 3699 551 3771 in
579 3699 792 3772 universam
819 3696 966 3771 civilem
986 3699 1203 3771 societatem
1224 3695 1408 3770 redundet
1433 3693 1553 3791 perni-

296 3818 382 3902 cies,
412 3843 493 3890 cum
512 3818 566 3890 z'la
572 3816 701 3913 fatali
715 3817 974 3891 communismo
991 3815 1116 3889 aditus
1132 3815 1337 3911 aperiatur.
1356 3813 1373 3839 ”

349 3935 472 4009 Causa
498 3935 659 4032 agitatur
686 3935 853 4031 pacisin
878 3960 953 4032 qua
979 3934 1136 4007 occurrit
1164 3932 1257 4006 ratio
1286 3942 1307 3970 ·‘
1331 3931 1380 4004 de
1407 3928 1555 4002 violatis

296 4056 526 4131 solemnibus
551 4055 872 4139 conventionibus,
893 4079 977 4150 quae
996 4053 1048 4126 uti
1077 4052 1231 4125 aliorum
1267 4050 1553 4147 Principatuum,

298 4175 349 4249 ita
388 4174 500 4249 etiam
536 4172 655 4246 civilis
694 4171 899 4245 Pontificiae
934 4169 1098 4243 Ditionis
1127 4167 1380 4266 integritatem
1416 4187 1554 4240 sartam

298 4309 512 4388 tectamque
531 4291 672 4365 servari
691 4290 845 4363 omnino
861 4286 1061 4386 postulant.
1083 4287 1099 4313 '¹

350 4410 475 4484 Causa
505 4408 668 4507 agitatur
697 4408 832 4479 summi
852 4405 1015 4480 criminis
1036 4404 1072 4476 in
1091 4427 1166 4500 qua
1183 4403 1297 4476 homo
1316 4428 1362 4475 ex
1391 4400 1555 4473 humano

298 4527 453 4603 consilio
483 4525 648 4600 violenta
681 4549 794 4596 manu
813 4523 963 4620 diripuit
987 4531 1007 4561 “
1029 4520 1282 4616 Principatum
1314 4517 1415 4591 illum
1443 4541 1554 4613 quem

337 4766 357 4805 1.
372 4753 479 4805 Rerum
492 4767 566 4815 nov,
585 4763 641 4816 143.

333 4846 359 4887 2.
373 4830 489 4902 Encycl.
499 4843 529 4883 21
542 4828 632 4899 April.
649 4827 723 4894 1878.
