3496 5482
406 466 760 474 —0-........---.-.
877 470 883 475 .
919 470 962 475 ,-

651 530 744 580 ΡΑΡΑ
772 532 830 583 SIT
858 533 933 582 REX
963 532 1087 583 ROMAE.

244 530 262 577 2
269 529 317 599 30

241 690 427 765 funestum
457 691 636 765 influxum
669 693 707 766 in
725 693 947 790 gubernium
976 714 1148 771 exerceat
1168 722 1323 772 necesse
1341 716 1409 775 est.
1434 699 1500 774 Nil

241 809 373 883 mirum
399 811 430 884 si
462 827 602 886 tantam
622 811 765 907 pristini
796 811 937 886 ordinis
956 813 1191 888 eversionem
1223 815 1422 891 subsecuta
1452 818 1501 893 sit

240 955 385 1004 summa
421 948 620 1028 paupertas
651 948 764 1028 atque
783 932 951 1006 miseria!
982 933 1103 1007 Roma
1126 935 1230 1009 Urbs
1252 955 1363 1035 caput
1394 939 1501 1038 regni

242 1051 436 1150 Subalpini
459 1051 625 1127 desolata
644 1070 701 1127 est
719 1070 757 1127 et
775 1070 945 1127 versatur
964 1053 999 1126 in
1019 1072 1191 1153 egestate
1210 1081 1355 1130 summa
1373 1083 1500 1155 super-

239 1188 383 1254 onusta‚
413 1171 507 1245 sicut
525 1170 676 1268 reliquae
694 1189 819 1269 partes
838 1171 1011 1270 regionis,
1031 1172 1381 1271 vectigalibusHoc
1401 1176 1500 1250 idem

239 1288 400 1364 confessi
426 1308 513 1365 sunt
534 1308 647 1388 atque
665 1291 754 1364 atris
772 1289 957 1366 coloribus
971 1291 1220 1390 depinxerunt
1240 1293 1500 1392 ephemerides

239 1407 422 1504 gubernio
455 1409 671 1483 Massonico
690 1407 853 1506 alioquin
872 1410 1136 1484 addictissimae
1168 1410 1275 1486 titulo
1302 1413 1499 1510 Fanfulla.

240 1527 492 1616 Parlamento‚
516 1529 740 1627 Messagero,
761 1529 849 1603 Don
870 1529 1063 1603 CIzz'scszIe
1080 1527 1123 1628 (¹)
1141 1530 1336 1629 inscriptae.

301 1647 353 1747 C)
382 1647 647 1748 Languescunt
675 1648 826 1743 insuper
857 1664 895 1720 et
923 1647 1086 1721 maxime
1118 1647 1365 1746 languescunt
1395 1649 1502 1724 Chri-

240 1767 350 1842 stiani
384 1787 422 1842 et
444 1768 532 1842 boni
565 1793 687 1841 mores
712 1767 848 1841 civium
881 1790 1025 1840 necnon
1039 1767 1251 1864 juventutis
1270 1768 1440 1844 educatio
1462 1786 1502 1844 et

241 1884 371 1984 religio
393 1883 445 1985 (²).
469 1897 488 1925 ‘¹
509 1886 686 1983 Cujusvis
698 1886 847 1984 generis
863 1883 1106 1981 profanitates
1125 1904 1162 1959 et
1175 1884 1359 1972 scandala,
1382 1886 1501 1983 inquit

244 2003 331 2077 Pius
374 2004 441 2090 lX,
474 2030 557 2102 quae
587 2005 661 2078 Dei
693 2021 730 2078 et
767 2002 947 2077 Ecclesiae
981 2001 1144 2075 hostium
1185 2028 1301 2099 opera
1333 2005 1501 2102 quotidie

243 2122 375 2195 Rornae
415 2123 649 2206 innovantur,
678 2148 725 2197 eo
750 2123 828 2220 jam
850 2122 1092 2207 devenerunt,
1127 2137 1167 2194 ut
1196 2121 1365 2196 catholici
1385 2122 1500 2199 Orbis

243 2239 459 2337 metropolis
483 2239 705 2339 dignitatem
723 2240 923 2336 deturpent
935 2263 1093 2334 eamque
1113 2237 1331 2337 irreligiosae
1349 2240 1500 2318 cuilibet

241 2361 383 2436 civitati
406 2386 533 2458 parem
551 2360 722 2435 efficiant.
745 2360 870 2434 Tanta
887 2380 944 2434 est
964 2359 1134 2455 impietas
1155 2375 1194 2432 ut
1218 2360 1338 2458 magis
1365 2361 1500 2460 magis-

241 2504 314 2576 que
350 2480 386 2553 in
415 2505 460 2553 ea
491 2504 731 2578 progressum
754 2477 874 2553 Iacere
906 2496 1077 2552 cernatur
1107 2502 1150 2549 ac
1173 2502 1240 2573 per
1270 2478 1499 2576 triumphum

244 2597 328 2671 duci
343 2625 350 2684 ;
365 2615 489 2671 tantus
503 2615 560 2672 est
575 2622 702 2671 eorum
715 2595 890 2683 omniurn,
907 2620 990 2692 quae
1001 2592 1232 2693 religiosiora
1252 2621 1293 2669 ac
1313 2597 1500 2671 sanctiora

242 2732 338 2803 sunt,
360 2733 608 2813 contemptus,
623 2732 662 2789 ut
682 2739 864 2811 nusquam
880 2712 965 2786 alibi
985 2712 1096 2811 hujus
1116 2713 1317 2812 imaginem
1336 2715 1500 2811 reperire

242 2834 299 2920 sit,
321 2834 391 2908 nisi
411 2835 447 2908 in
477 2834 754 2908 abominatione
782 2830 842 2905 illa
860 2830 1111 2917 desolationis,
1134 2856 1245 2928 quam
1279 2850 1498 2906 eventuram

241 2954 329 3028 olim
363 2955 399 3028 in
429 2955 520 3029 urbe
540 2956 631 3030 Sion
664 2955 851 3052 Propheta
887 2951 1164 3049 praenunciavit.
1199 2995 1249 3007 --
1280 2952 1354 3025 His
1386 2954 1499 3027 tantis

242 3075 510 3149 exundantium
527 3074 707 3149 malorum
721 3074 891 3148 fluctibus
906 3075 985 3172 jam
1000 3072 1077 3147 lere
1104 3071 1295 3146 obruimur
1311 3071 1363 3172 (³).
1385 3072 1403 3099 ’¹
1420 3073 1498 3147 Sed

242 3194 333 3268 satis
353 3219 541 3291 superque
560 3194 608 3267 de
627 3194 670 3267 iis
689 3194 860 3266 diximus.

294 3311 425 3385 Eheu!
451 3310 654 3406 Quomodo
674 3311 751 3386 fieri
772 3327 896 3408 potest
914 3309 1014 3406 quod
1035 3308 1103 3381 viri
1124 3306 1262 3405 politici
1281 3310 1496 3406 ceteroquin

242 3429 424 3528 ingeniosi
446 3454 519 3502 non
538 3430 701 3516 videant,
718 3455 791 3502 non
808 3427 1017 3527 intelligant
1036 3425 1124 3499 illud
1144 3426 1319 3525 adagium
1335 3452 1498 3502 novum:

240 3551 533 3647 Romacapr‘tale‚
547 3552 668 3625 Roma
681 3551 809 3648 fatale
822 3556 840 3622 I
858 3575 926 3623 nec
945 3546 1123 3645 possibile
1142 3572 1225 3621 esse
1244 3546 1338 3620 duos
1361 3547 1498 3620 Princi-

239 3694 316 3764 pes,
332 3666 576 3764 temporalem
589 3693 711 3753 unum,
723 3667 808 3742 licet
821 3666 1030 3763 spoliatum,
1046 3690 1231 3739 summum
1245 3663 1385 3739 scilicet
1400 3664 1496 3737 Pon-

242 3788 387 3875 tificem,
422 3807 460 3863 et
492 3789 736 3884 temporalem
761 3787 928 3873 alterum,
950 3788 1016 3862 sed
1037 3785 1287 3884 spoliatorem,
1310 3809 1376 3880 pro
1396 3783 1497 3858 bono

241 3906 410 3993 civitatis,
432 3905 540 3979 simul
570 3907 606 3979 in
629 3906 736 3981 Urbe
764 3932 838 3979 non
859 3931 970 4002 posse
999 3929 1164 4004 regnare,
1198 3927 1319 3999 neque
1343 3901 1496 3997 pacifice

242 4024 489 4099 cohabitare?

291 4143 404 4239 Quod
419 4143 571 4240 quidem
590 4141 821 4238 perspectius
845 4140 1053 4214 habuerunt
1072 4139 1139 4212 viri
1160 4136 1373 4236 peritissimi
1392 4154 1495 4212 ante·

240 4262 311 4335 acti
332 4261 519 4358 temporis.

278 4414 298 4452 t.
320 4400 389 4468 Qure
400 4399 517 4453 scribere
528 4399 632 4452 audet:
658 4397 674 4424 “
687 4399 761 4452 C’est
782 4403 809 4451 la
831 4395 969 4466 premiere
992 4395 1045 4448 sois
1068 4393 1168 4463 depuis
1190 4394 1267 4462 vingt
1288 4393 1388 4447 siecles
1410 4396 1493 4464 qu’on

239 4477 345 4547 emigre
357 4479 392 4532 de
416 4481 508 4533 Rome
521 4497 571 4548 par
592 4478 701 4544 misere,
716 4495 767 4547 par
784 4477 937 4545 desespoir.
952 4476 965 4501 '¹
980 4474 1021 4528 ct.
1036 4476 1111 4527 Leon
1135 4473 1222 4541 XIII,
1236 4489 1287 4542 par
1303 4474 1369 4541 Mgr
1381 4475 1414 4526 T'
1428 4474 1492 4528 Ser-

243 4558 328 4624 claes,
345 4560 383 4625 11,
397 4577 422 4627 p.
440 4559 497 4612 188.

277 4652 300 4690 2.
321 4638 423 4705 Prelot,
433 4623 521 4692 arua.
536 4640 625 4708 relrg,
638 4650 714 4695 tome
727 4639 744 4694 6
748 4653 771 4710 5,
784 4657 810 4710 p.
828 4650 885 4705 194.

277 4731 299 4784 3.
320 4718 407 4772 Alloc.
423 4732 456 4783 27
472 4720 535 4774 Oct.
552 4719 627 4784 1871.
