3496 5482
151 478 390 486 ——-—-———

625 537 747 587 capua
776 536 927 587 novun.
1337 531 1408 606 207

147 700 419 799 gubernatione
446 697 635 772 societatis
666 695 883 769 domesticae
912 714 950 770 et
982 695 1101 770 civilis
1120 695 1328 792 respective
1348 696 1409 771 die

151 843 198 894 20
216 818 315 916 Junii
339 820 493 904 1881,et
512 816 572 889 die
593 819 614 888 8
637 813 747 888 Febr.
769 817 864 906 1884
883 815 990 888 datae.
1098 807 1100 812 ¹

200 952 236 1012 8.
256 936 358 1032 Quid
390 935 548 1031 amplius
577 933 698 1007 dicam
730 932 778 1005 de
803 931 951 1006 funesto
982 932 1123 1006 influxu
1150 931 1261 1031 hujus
1292 934 1410 1010 ltaliae

93 1073 96 1079 ’
148 1053 320 1128 facinoris
337 1053 384 1127 ad
404 1052 608 1127 evertenda
623 1052 707 1148 jura
726 1051 995 1147 proprietatis?
1027 1050 1247 1125 Dominium
1266 1070 1409 1151 tempo-

150 1173 224 1247 rale
244 1172 355 1247 Sedis
374 1170 604 1268 Apostolicae
625 1169 741 1242 fateor
754 1194 827 1241 non
841 1169 1008 1265 potuisse
1027 1195 1198 1244 corruere
1216 1171 1286 1244 sub
1306 1197 1410 1269 repe-

150 1291 225 1365 titis
251 1291 384 1365 ictibus
417 1287 628 1363 rebellionis
660 1304 697 1362 et
722 1286 947 1375 violationis,
977 1289 1176 1385 quominus
1208 1307 1246 1364 et
1270 1291 1343 1388 jus,
1374 1309 1412 1365 et

149 1407 363 1506 legitimitas
390 1407 629 1505 proprietatis
665 1407 814 1503 penitus
844 1431 929 1479 cum
961 1431 1008 1480 eo
1036 1425 1234 1483 corrueret.
1258 1409 1411 1483 Etenim

150 1527 272 1623 ipsum
296 1527 565 1600 Patrimonium
589 1526 629 1598 B.
654 1525 754 1599 Petri
774 1523 970 1598 fundatum
996 1525 1062 1599 luit
1080 1551 1193 1623 super
1211 1526 1291 1600 haec
1309 1553 1414 1602 sacra

150 1663 187 1720 et
206 1645 466 1742 antiquissima
480 1644 567 1742 jura
584 1643 824 1740 proprietatis
844 1640 897 1742 (¹)

204 1765 337 1838 Posset
357 1765 432 1837 imo
463 1762 555 1835 alius
584 1763 749 1858 Europae
773 1761 946 1858 princeps
965 1762 1087 1835 orbari
1115 1763 1327 1861 Principatu
1346 1791 1415 1840 suo

151 1881 260 1968 civili,
281 1882 370 1980 quin
386 1879 494 1954 simul
525 1878 726 1955 violaretur
739 1881 803 1978 jus
822 1879 1062 1977 proprietatis
1080 1908 1087 1966 ;
1106 1901 1164 1955 ast
1182 1882 1269 1980 quia
1291 1883 1416 1958 Ponti·

151 2001 229 2074 ficis
250 2000 411 2074 Romani
430 1999 662 2095 Principatus
682 1997 800 2072 civilis
813 1997 988 2072 radicitus
1003 2001 1330 2075 connectiturcum
1347 2002 1416 2098 piis

152 2119 427 2204 donationibus,
443 2144 526 2192 cum
542 2117 845 2216 possessionibus
862 2115 997 2204 multis,
1010 2144 1093 2191 cum
1114 2119 1417 2194 concessionibus

153 2237 274 2334 regiis,
297 2237 471 2334 equibus
491 2236 561 2309 sub
580 2235 665 2309 lorti
685 2253 722 2310 et
740 2235 847 2309 suavi
869 2235 1123 2310 Providentiae
1142 2237 1297 2312 consilio
1315 2238 1418 2313 efflo-

154 2355 225 2428 ruit
244 2381 348 2428 sacra
380 2356 458 2428 haec
478 2354 586 2427 simul
612 2373 649 2428 et
677 2352 795 2428 civilis
823 2369 1002 2449 potestas,
1025 2355 1153 2451 nequit
1170 2355 1301 2430 violari
1329 2358 1418 2454 quin

155 2473 332 2547 violentia
352 2472 528 2547 inseratur
547 2473 777 2569 proprietati.
798 2470 935 2545 Nullus
955 2499 1119 2570 unquam
1138 2474 1301 2572 Europae
1321 2476 1419 2573 prin·

155 2617 253 2687 ceps,
274 2591 514 2690 quantumvis
538 2590 714 2688 locuples,
738 2591 838 2688 prius
867 2591 1012 2666 exstitit
1030 2593 1296 2689 proprietarius
1315 2594 1418 2668 tellu-

157 2710 205 2782 ris
221 2708 450 2808 hujus,cujus
465 2735 546 2783 sors
565 2727 603 2783 et
621 2710 801 2784 securitas
815 2710 885 2806 ipsi
898 2728 1028 2806 postea
1043 2711 1242 2785 commissa
1259 2711 1420 2786 suerunt.

157 2828 269 2902 Solus
286 2849 411 2902 autem
434 2828 607 2902 Pontifex
625 2828 819 2901 Romanus
832 2845 898 2913 est,
915 2826 1017 2901 solus
1036 2829 1119 2901 Rex
1137 2831 1270 2903 Romae
1285 2831 1420 2927 estqui

157 2947 227 3020 hoc
257 2946 428 3045 originali
447 2965 485 3020 et
515 2945 731 3019 authentico
762 2946 836 3019 imo
866 2944 1029 3019 lamiliali
1054 2948 1217 3046 gaudeat
1249 2947 1356 3023 titulo
1383 2949 1419 3022 in

157 3090 264 3139 suum
280 3065 531 3161 Principatum
551 3063 709 3138 civilem.

212 3184 352 3258 Nonne
365 3201 403 3258 et
418 3182 503 3257 ideo
517 3182 750 3280 Principatus
764 3181 825 3255 ille
839 3182 989 3257 nomine
1008 3183 1218 3282 insignitur,
1233 3210 1307 3282 quo
1324 3183 1423 3259 nulla

159 3301 230 3376 alia
248 3302 437 3400 possessio
455 3300 573 3375 civilis
605 3301 674 3374 frui
695 3320 822 3396 posset
843 3301 1003 3388 nomine,
1024 3303 1164 3377 scilicet
1193 3303 1434 3389 Patrimonii,

160 3420 333 3517 equidem
367 3421 410 3493 B.
433 3419 567 3494 Petri?
599 3419 695 3493 lllud
724 3444 860 3494 nomen
889 3446 912 3493 a
940 3420 1124 3518 principio
1153 3423 1315 3520 recepit;
1347 3422 1422 3496 imo

161 3539 297 3612 arctius
323 3539 404 3624 sibi,
426 3555 466 3611 ut
486 3539 537 3612 ita
560 3538 692 3625 dicam,
714 3536 985 3635 conglutinavit
1014 3563 1083 3635 per
1109 3564 1300 3613 accessum
1314 3541 1424 3639 juris·

162 3656 334 3730 dictionis
346 3656 464 3730 civilis
485 3657 521 3728 in
540 3656 636 3728 hanc
655 3675 798 3752 partem
822 3654 939 3730 ltaliae
956 3682 1041 3755 quae
1062 3658 1232 3754 primitus
1254 3657 1425 3732 Pontifici

163 3775 327 3849 obvenit.
354 3773 449 3848 Illud
469 3799 583 3848 suave
617 3800 753 3848 nomen
781 3774 999 3849 Patrimonii
1030 3775 1180 3850 tandem
1206 3801 1272 3872 per
1300 3777 1426 3850 omnia

163 3893 298 3967 saecula
317 3893 494 3966 continuo
514 3893 665 3967 retinuit
687 3893 907 3966 Dominium
928 3893 1146 3990 temporale.
1168 3894 1282 3992 Juvat
1301 3920 1426 3968 coram

163 4011 279 4086 oculis
295 4012 474 4086 exhibere
499 4037 605 4085 curas
623 4029 799 4108 paternas
826 4037 921 4108 quas
957 4012 1165 4110 Gregorius
1192 4038 1351 4112 magnus
1378 4014 1427 4087 de

166 4130 244 4204 istis
255 4130 485 4227 patrimoniis
500 4147 716 4204 constanter
729 4130 927 4216 habuit,eis
944 4149 1106 4204 rectores
1120 4149 1157 4205 et
1168 4133 1273 4229 quasi
1286 4133 1427 4229 primos

167 4249 449 4323 Gubernatores
463 4250 543 4346 jam
562 4248 728 4346 praelecit
746 4248 808 4345 qui
841 4268 881 4321 ut
915 4249 1003 4321 boni
1036 4271 1160 4346 patres
1183 4250 1331 4322 familiae
1359 4276 1425 4347 po·

166 4368 261 4465 pulis
293 4367 541 4466 invigilarent.
574 4369 686 4441 “Per
716 4368 884 4441 diversas
916 4368 1128 4464 provincias
1160 4393 1228 4465 pro
1256 4369 1426 4442 custodia

166 4512 280 4560 sacrae
298 4486 499 4585 religionis,
521 4486 709 4581 rebusque
736 4510 942 4581 pauperum
976 4504 1127 4560 strenue
1158 4485 1423 4584 gubernandis,
1452 4530 1453 4534 =

207 4697 228 4734 1.
242 4684 391 4748 Constant,
407 4682 446 4735 Le
460 4683 534 4750 Papa
546 4685 574 4733 et
584 4678 614 4733 la
627 4679 733 4744 libertl,
747 4685 775 4731 2ο
787 4679 863 4746 edit,
876 4693 966 4748 past.
