3496 5482
246 446 321 455 .-.-.
348 444 434 451 -.-
450 443 474 449 --
1063 441 1504 451 ———-—-—--——--——

244 481 313 551 282
650 503 743 553 unm
772 504 831 553 srr
859 504 933 554 nux
962 503 1089 554 noun.

248 607 267 613 -
303 608 397 615 ....--
414 607 1504 620 —-———————-———-—-——--——-—..

294 675 315 704 ‘⁶
334 664 410 762 lpsi
430 664 542 739 etiam
565 664 775 753 Pontifices
796 667 827 740 si
846 667 997 765 quando
1016 665 1152 741 luerint
1171 665 1208 739 in
1227 664 1283 738 sui
1310 664 1501 761 Principa-

241 801 300 858 tus
320 783 595 879 possessionem
616 784 786 872 restituti,
807 784 981 858 omnibus
1000 782 1100 858 illum
1119 780 1361 880 amplioribus
1378 780 1501 856 civilis

240 902 479 1000 perfectionis
511 904 797 992 accessionibus,
819 931 976 1004 quarum
1008 930 1126 1002 capax
1156 922 1222 989 est,
1256 928 1396 1003 augere
1423 927 1500 977 non

240 1021 466 1106 omitterent,
484 1021 612 1096 habita
624 1022 767 1097 ratione
782 1023 1011 1123 exigentium
1031 1042 1242 1119 temporum
1257 1040 1295 1096 et
1315 1044 1499 1096 novarum

241 1139 430 1215 societatis
450 1143 728 1217 necessitatum.

294 1279 347 1340 10.
370 1268 544 1343 “Contra
565 1269 821 1343 Romanorum
855 1267 1076 1345 Pontificum
1104 1267 1251 1343 civilem
1274 1264 1498 1341 dominatio·

242 1409 327 1459 nem
340 1385 527 1460 accusatio
541 1385 674 1461 frustra
689 1386 914 1484 producitur,
922 1411 1004 1460 eam
1018 1387 1129 1462 medii
1141 1386 1239 1461 Aevi
1252 1385 1392 1460 loetum
1403 1407 1499 1458 esse.

293 1510 483 1586 “Etenim
503 1511 667 1601 haberet,
684 1529 724 1586 ut
742 1513 815 1586 iam
833 1513 974 1587 dictum
1002 1532 1070 1600 est,
1090 1539 1155 1587 eas
1183 1537 1306 1588 rerum
1325 1510 1498 1586 mutatio·

241 1652 307 1703 nes
325 1647 554 1726 opportunas
583 1649 696 1728 atque
726 1630 843 1717 utiles,
865 1656 963 1729 quae
992 1631 1098 1706 novis
1130 1631 1233 1705 hisce
1265 1629 1499 1727 temporibus

241 1748 493 1846 imponuntur.

293 1877 313 1906 ‘⁶
328 1868 487 1966 Insuper
504 1869 676 1966 quamvis
696 1868 731 1943 in
752 1895 819 1944 sua
837 1868 1049 1944 substantia
1067 1867 1166 1943 idem
1198 1891 1294 1941 nunc
1321 1892 1367 1943 ea
1390 1867 1497 1952 foret,

240 1986 342 2082 quod
365 1986 489 2060 medio
508 1987 621 2061 Aevo
640 2007 729 2074 erat,
750 1988 969 2062 Dominatio
990 1984 1161 2061 videlicet
1179 2012 1354 2083 suprema
1367 1986 1415 2060 ad
1434 2012 1498 2060 au·

241 2103 444 2178 tonomiam
467 2106 723 2179 Romanorum
739 2105 960 2181 Pontificum
974 2123 1011 2180 et
1025 2106 1245 2190 libertatem,
1263 2105 1299 2177 in
1318 2103 1499 2180 exercitio

240 2246 437 2319 supremae
455 2248 584 2297 eorum
603 2224 832 2298 auctoritatis
852 2224 1027 2299 tuendam
1043 2222 1223 2310 ordinata,
1237 2222 1390 2319 -quid
1409 2221 1497 2298 inde

242 2338 366 2414 inferri
386 2341 545 2438 posset?

294 2478 314 2507 “
333 2466 679 2542 Praestantissimus
711 2466 794 2541 finis
824 2467 881 2541 cui
914 2467 975 2542 illa
1001 2468 1137 2554 servit;
1168 2464 1500 2543 -emolumenta

243 2587 467 2685 multa,quae
481 2588 529 2661 ad
539 2586 710 2661 catholici
724 2587 841 2662 Orbis
856 2585 1159 2685 tranquillitatem
1174 2585 1499 2683 etPrincipatuum

241 2706 405 2804 quietem
425 2704 729 2790 confirmandam,
752 2707 976 2801 proveniunt
993 2733 1000 2790 ;
1020 2749 1070 2759 —
1084 2704 1183 2778 mitis
1198 2730 1240 2778 ac
1251 2704 1377 2778 suavis
1391 2703 1497 2791 rati0,

242 2847 315 2920 qua
332 2821 551 2897 Dominatio
565 2823 645 2921 ipsa
657 2825 820 2898 exerceri
834 2823 929 2896 solet
944 2851 951 2909 ;
966 2822 1208 2918 -impulsus
1222 2820 1368 2895 validus
1382 2845 1496 2919 quem

242 2939 437 3014 cuiuslibet
455 2942 605 3039 generis
625 2942 789 3015 scientiis
816 2941 1061 3036 civilibusque
1089 2938 1382 3014 institutionibus
1401 2964 1499 3014 sem·

244 3082 309 3153 per
327 3058 440 3142 dedit,
456 3099 505 3110 -
523 3058 707 3132 elementa
721 3079 807 3132 sunt
822 3084 918 3154 quae
937 3058 1110 3130 omnibus
1130 3083 1248 3154 aeque
1268 3057 1499 3153 temporibus

243 3174 503 3273 gentibusque,
525 3176 604 3249 sive
626 3175 685 3248 illa
704 3174 901 3273 tranquilla
919 3176 993 3248 sint
1012 3176 1092 3250 sive
1111 3174 1326 3272 procellosa,
1349 3193 1387 3249 et
1405 3174 1500 3250 istae

243 3293 324 3367 sive
342 3292 416 3367 sint
442 3292 623 3378 excultae,
645 3295 726 3368 sive
753 3293 943 3378 barbarae,
964 3292 1088 3389 procul
1118 3293 1232 3366 dubio
1259 3292 1500 3369 conveniunt.

297 3417 496 3493 “Stultum
526 3419 640 3516 igitur
670 3436 780 3504 esset,
812 3418 909 3493 velle
939 3420 1057 3515 ipsam
1092 3420 1238 3494 civilem
1278 3419 1502 3494 Pontificum

246 3536 563 3621 Dominationem,
581 3537 681 3633 quod
696 3536 852 3610 saeculis
866 3538 975 3610 medii
993 3537 1091 3611 Aevi
1105 3537 1500 3623 florueritamandare.

296 3663 508 3736 “Ceterum
540 3661 632 3736 haec
663 3662 819 3749 saecula,
851 3664 920 3736 etsi
950 3683 988 3736 ut
1025 3661 1187 3760 reliquae
1213 3662 1380 3759 epochae
1411 3664 1502 3738 vitia

245 3806 444 3877 moresque
464 3780 750 3876 haudquaquam
770 3779 879 3855 laude
892 3782 1027 3878 dignos
1046 3781 1252 3866 habuerint,
1274 3800 1399 3856 tamen
1413 3783 1503 3856 emi-

244 3925 354 3973 cuere
374 3899 559 3994 plerisque
571 3898 651 3970 sive
666 3897 848 3995 religiosis
861 3899 941 3972 sive
956 3899 1125 3971 civilibus
1138 3899 1503 3998 ornamentis,iisque

244 4016 339 4090 adeo
358 4015 556 4112 praeclaris
576 4034 615 4089 ut
633 4041 677 4088 ea
698 4015 794 4088 nolle
813 4042 1019 4114 agnoscere
1037 4042 1182 4088 summa
1202 4016 1334 4089 iniuria
1352 4036 1462 4092 esset.

297 4151 317 4180 “
336 4140 463 4238 Atque
482 4141 613 4214 eadem
633 4166 722 4237 prae
747 4141 880 4214 ceteris
900 4141 1112 4215 nationibus
1131 4143 1331 4216 aestimare
1347 4142 1503 4219 deberet

249 4261 365 4347 ltalia,
386 4286 483 4358 quae
502 4260 564 4333 illo
590 4261 671 4356 ipso
689 4260 801 4333 Aevo
821 4261 857 4332 in
876 4261 1051 4347 scientiis,
1075 4261 1217 4348 litteris
1234 4262 1386 4349 artibus,
1408 4263 1444 4336 in
1464 4288 1503 4338 re

246 4377 393 4452 militari
406 4396 442 4451 et
462 4378 655 4465 maritima,
680 4378 715 4450 in
728 4379 960 4451 commerciis
972 4378 1219 4475 civilibusque
1234 4379 1384 4453 demum
1401 4381 1503 4454 insti·

148 4570 152 4577 ,
247 4494 345 4579 tutis,
366 4519 450 4567 eam
479 4494 761 4590 amplitudinem
793 4520 835 4567 ac
868 4496 1028 4568 nominis
1056 4494 1312 4570 celebritatem
1332 4517 1502 4573 assecuta

247 4606 325 4694 luit,
341 4632 438 4705 quae
456 4608 515 4682 vel
530 4609 670 4684 destrui
690 4608 750 4684 vel
769 4608 958 4684 obscurari
979 4636 1179 4709 numquam
1198 4613 1348 4710 poterit.
1365 4614 1381 4641 ”
