3496 5482
591 511 714 561 CAPUT
742 511 921 561 DECIMUM
950 511 1148 574 QUARTUM.

243 668 374 756 adhuc,
407 668 530 744 taliter
561 687 820 745 consummata
839 687 907 756 est,
942 687 983 744 ut
1002 669 1132 744 Status
1156 669 1237 744 sive
1271 670 1505 769 Principatus

243 788 422 863 doctrinae
444 787 600 862 Lutheri
614 788 850 863 adhaerentes
864 813 949 861 cum
965 786 1157 863 catholicis
1174 788 1356 863 Romanis
1371 790 1504 864 eodem

244 930 401 981 numero
419 905 577 1003 locoque
597 905 833 980 haberentur.
849 904 957 978 Tunc
977 930 1068 979 vero
1087 905 1123 978 in
1142 904 1238 980 Pace
1249 905 1507 1003 Westphalica

242 1050 308 1099 seu
329 1024 616 1124 Osnabrugensi
636 1049 735 1098 anno
753 1026 846 1117 1648
867 1022 967 1106 inita,
983 1022 1098 1096 etiam
1118 1023 1141 1096 ii
1162 1023 1307 1121 imperii
1326 1043 1363 1098 et
1384 1024 1504 1100 Euro-

242 1168 300 1239 pae
331 1142 460 1216 Status
474 1142 538 1240 qui
564 1140 735 1241 Zwinglii
754 1159 791 1215 et
812 1139 960 1215 Calvini
989 1140 1183 1215 mendacia
1201 1141 1319 1215 secuti
1345 1141 1502 1228 lucrant,

242 1263 375 1337 eadem
390 1264 476 1361 jura
490 1261 617 1360 adepti
637 1278 733 1347 sunt,
765 1262 888 1359 posita
910 1260 1072 1359 quadam
1106 1261 1263 1358 paritate
1292 1261 1503 1337 Catholico·

244 1397 375 1455 tumet
392 1379 686 1454 Protestantium
699 1378 922 1477 populorum
942 1397 1051 1475 pacto
1066 1378 1300 1478 Evangelico
1313 1378 1500 1453 unitorum

242 1497 310 1571 sed
322 1499 500 1572 continuo
514 1497 814 1596 impugnantium
830 1496 1090 1570 auctoritatem
1110 1494 1291 1569 Ecclesiae
1309 1495 1501 1571 Romanae.

244 1615 416 1689 Tandem
453 1615 593 1690 exortis
623 1614 735 1687 variis
768 1613 991 1688 factionibus
1027 1611 1309 1711 particularibus
1344 1611 1502 1687 Gallica-

243 1733 363 1821 nismi,
399 1733 701 1809 Febronianismi
737 1752 775 1807 et
807 1732 1086 1817 Tolerantismi‚
1117 1752 1339 1831 perventum
1369 1732 1503 1807 estad

243 1874 389 1926 sacrum
402 1851 593 1950 quoddam
607 1851 728 1925 foedus
741 1875 842 1924 anno
859 1855 951 1945 1815
967 1851 1063 1924 inter
1077 1851 1248 1924 nationes
1267 1832 1500 1937 christianas,

241 1972 354 2046 etiam
374 1973 641 2059 schismaticas,
657 1972 789 2046 initum
808 1991 846 2046 et
863 1972 948 2068 jure
967 1970 1136 2070 legitimo
1157 1972 1284 2044 nixum
1304 1970 1407 2067 quod
1422 1969 1502 2068 qui·

242 2092 328 2166 dem
361 2089 465 2165 brevi
498 2108 583 2189 post
611 2116 678 2187 per
704 2088 966 2187 spoliationem
997 2088 1165 2163 Dominii
1195 2087 1234 2165 S.
1257 2087 1369 2162 Sedis
1402 2087 1501 2162 loede

241 2207 443 2285 laceratum
463 2226 502 2282 et
520 2205 778 2283 conculcatum
797 2232 883 2281 esse
901 2206 1064 2280 vidimus
1083 2203 1137 2305 l).

296 2327 406 2411 Exin,
428 2343 572 2400 mutato
590 2342 720 2399 centro
734 2324 839 2423 juris,
861 2324 1021 2399 societas
1040 2341 1167 2397 nostra
1194 2349 1216 2396 a
1244 2348 1333 2398 vero
1360 2323 1501 2398 ordinis
1604 2400 1607 2407 ,

241 2445 393 2518 cardine
405 2445 485 2542 jam
504 2443 654 2542 penitus
673 2441 804 2516 avulsa
826 2460 864 2517 et
893 2440 1055 2516 instabili
1081 2441 1289 2538 aequilibrio
1321 2440 1501 2517 materiali

159 2571 162 2577 ’
242 2562 378 2635 virium
415 2562 513 2649 nixa,
547 2561 704 2635 vertitur
732 2560 768 2634 in
801 2560 943 2633 ruinam
973 2577 1020 2644 et,
1046 2559 1152 2633 sicuti
1185 2576 1272 2634 ante
1304 2560 1500 2658 imperium

245 2683 460 2756 Romanum
479 2680 655 2756 omnibus
683 2681 735 2756 uti
762 2680 909 2780 cogitur
926 2679 1069 2766 mediis,
1090 2697 1131 2754 ut
1158 2679 1285 2778 populi
1315 2681 1352 2755 in
1382 2681 1501 2756 lerrea

243 2818 418 2874 maneant
437 2816 624 2896 potestate
644 2825 711 2897 per
728 2799 827 2873 vires
851 2796 1029 2872 militares
1057 2798 1230 2896 ingentes
1255 2816 1292 2873 et
1312 2824 1425 2873 unum
1453 2799 1501 2872 sit

241 2917 407 2991 omnium
420 2943 462 2992 ac
474 2917 704 3016 singulorum
718 2915 910 3015 adagium:
929 2916 977 2989 sit
992 2915 1170 2990 fortitudo
1184 2935 1310 2990 nostra
1324 2915 1384 2991 lex
1393 2916 1501 3014 justi·

241 3036 313 3110 tiae.
336 3035 493 3110 Laxatae
510 3036 609 3110 enim
624 3052 711 3110 sunt
725 3033 884 3109 habenae
896 3033 1069 3107 omnibus
1087 3034 1353 3131 cupiditatibus
1375 3059 1501 3132 pravae

244 3153 447 3229 voluntatis
466 3154 649 3240 humanae,
669 3154 844 3251 aquibus
871 3170 1004 3228 cuncta
1031 3154 1225 3250 praesentis
1252 3153 1376 3228 saeculi
1404 3152 1501 3228 mala

242 3291 459 3370 cunctaeque
477 3273 695 3346 eversiones
709 3271 851 3345 ordinis
877 3271 1024 3346 socialis
1051 3290 1263 3369 erumpunt.
1280 3271 1381 3345 Nam
1397 3271 1498 3370 ipsae,

241 3389 349 3465 sicuti
368 3406 537 3487 tempore
556 3388 775 3487 paganismi,
792 3388 1002 3462 absolutam
1027 3390 1161 3464 iterum
1179 3389 1328 3487 assequi
1348 3406 1501 3464 conten·

242 3514 375 3588 dentes
401 3511 742 3611 independentiam‚
758 3512 837 3609 jam
857 3513 894 3586 in
912 3513 1044 3588 ordine
1070 3512 1276 3588 theoretico
1295 3511 1500 3587 rationalis-

243 3632 565 3716 mum,deismum,
586 3629 873 3728 pantheismum,
895 3632 931 3703 in
961 3632 1093 3706 ordine
1121 3657 1242 3706 rerum
1270 3629 1500 3730 agendarum

242 3750 1107 3836 socialismumcommunismum,anarchismum
1119 3776 1296 3850 genuere.
1312 3748 1501 3822 Derelz'cto

243 3872 323 3945 Deo
340 3897 413 3945 uno
432 3881 576 3953 eruero,
595 3869 771 3944 derelicta
791 3895 878 3943 uera
897 3871 1073 3967 religione
1090 3870 1307 3955 christiana,
1326 3867 1502 3941 derelicta

243 3989 335 4063 Sede
353 3988 566 4086 Apostolica
583 3988 697 4061 Petri
711 3987 875 4086 quatitur
892 4005 930 4061 et
949 3988 1084 4062 titubat
1096 3987 1254 4062 societas
1270 4003 1396 4060 nostra
1406 3986 1501 4084 jam·

237 4109 317 4206 jam
337 4132 503 4204 praeceps
518 4107 554 4180 in
570 4105 713 4180 ruinam
733 4105 881 4180 ruitura.
892 4106 1002 4181 Adeo
1018 4131 1147 4181 verum
1160 4105 1356 4201 est‚ipsam
1371 4102 1502 4180 Eccle-

242 4226 334 4299 siam
355 4224 617 4311 Christianam,
637 4222 880 4311 Catholieam,
900 4224 1110 4298 Romanam
1136 4225 1172 4298 in
1186 4223 1376 4298 Cathedra
1402 4222 1502 4296 Petri

243 4343 516 4440 incorporatam
536 4341 786 4416 firmissimum
815 4366 962 4416 necnon
989 4360 1026 4417 et
1053 4340 1172 4416 solum
1201 4359 1350 4416 exstare
1376 4339 1501 4436 praesi-

254 4507 384 4514 ———.‹.-
390 4508 557 4514 .-.-—.--

284 4598 304 4637 1.
326 4584 359 4636 G.
375 4584 492 4654 Pffilips,
504 4586 599 4654 comp.
614 4583 699 4653 Jurr's
721 4602 792 4652 can„
814 4587 831 4640 l.
855 4586 907 4655 v1‚
920 4602 982 4656 cap.
996 4601 1021 4641 2.
1042 4615 1077 4624 -
1090 4586 1232 4652 Wouters‚
1255 4583 1330 4638 Hist.
1346 4581 1430 4651 Eccl,
1446 4584 1504 4653 111,

244 4680 274 4718 n.
289 4677 330 4731 30.
342 4694 374 4702 -·
392 4666 494 4733 Cantu,
508 4665 585 4720 Hisr.
605 4666 699 4735 Unim,
713 4667 777 4734 XV,
791 4679 846 4735 310.
