3496 5482
243 558 313 632 170
648 560 741 610 narn
767 560 827 611 srr
854 561 928 610 nex
958 559 1083 611 nonin.

239 716 445 792 simulacris
463 716 686 815 nequnsimt
706 716 770 813 qui
788 715 943 791 subesse
958 716 994 789 in
1014 714 1128 790 coelis
1140 715 1336 791 Altissimo
1356 743 1499 792 recusa·

240 837 304 919 vit.
328 836 499 933 princeps
518 834 780 909 seditiosorum
800 831 843 933 (¹)
860 834 896 909 !'’

295 954 401 1054 Ergo
419 955 555 1029 vicisse
572 953 764 1030 Christum
777 953 878 1028 visus
898 972 956 1028 est
975 953 1150 1039 infernus,
1171 954 1260 1028 dum
1281 954 1316 1027 in
1337 956 1444 1030 Urbe
1459 956 1496 1029 S.

242 1073 353 1159 Petri,
375 1072 525 1169 captivo
543 1072 693 1146 Vicario
707 1070 791 1146 Filii
813 1072 898 1158 Dei,
920 1072 1156 1168 impudenter
1174 1073 1501 1148 circumduceban-

244 1209 304 1267 tur
318 1193 428 1292 signa
444 1219 529 1286 quae
547 1192 725 1268 Satanam
744 1209 782 1267 et
802 1193 1120 1288 repraesentabant
1139 1212 1177 1267 et
1195 1192 1476 1290 glorificabant!

305 1312 417 1385 Hanc
436 1311 587 1386 Satanae
605 1312 728 1386 omnis
745 1310 1038 1385 deordinationis
1066 1328 1104 1384 et
1133 1310 1344 1386 rebellionis
1371 1314 1502 1409 princi·

244 1429 301 1526 pis
320 1428 553 1526 apotheosim
568 1428 787 1504 acclamavit
805 1429 1013 1527 frequentia
1032 1430 1253 1527 populorum
1268 1438 1379 1517 6,000
1392 1433 1499 1507 soda-

243 1547 387 1622 litatum
407 1549 553 1635 civium,
574 1566 613 1623 et
640 1566 687 1640 97
707 1566 871 1622 coetuum
891 1547 1121 1621 musicalium
1149 1575 1233 1623 cum
1258 1570 1367 1644 1,97o
1384 1550 1502 1648 signis

243 1684 359 1764 atque
378 1665 523 1742 vexillis
544 1663 597 1765 (²).

298 1783 440 1858 Merito
470 1783 654 1859 exclamat
685 1783 925 1882 vicesgetens
952 1783 1028 1856 divi
1049 1784 1251 1860 Crucifixi:
1273 1786 1504 1860 “Acerbum

245 1905 357 1992 dictu,
372 1931 415 1980 ac
434 1905 554 1981 simile
573 1906 735 2003 portenti
754 1922 821 1992 est,
839 1905 887 1979 ab
898 1903 967 1978 hac
986 1903 1084 1978 alma
1101 1905 1218 1990 Urbe,
1240 1906 1278 1979 in
1296 1931 1370 2003 qua
1388 1905 1505 1979 domi·

245 2021 370 2097 cilium
398 2024 535 2099 Vicarii
567 2025 625 2098 sui
665 2023 771 2097 Deus
802 2022 1008 2108 collocavit,
1042 2023 1258 2100 rebellantis
1301 2025 1338 2097 in
1379 2025 1504 2099 Deum

246 2142 399 2217 rationis
413 2143 599 2218 humanae
612 2167 764 2216 manare
776 2142 1014 2238 praeconium
1028 2171 1036 2229 ;
1054 2162 1166 2239 atque
1180 2142 1279 2216 unde
1294 2143 1507 2240 incorrupta

250 2259 449 2359 Evangelii
468 2278 667 2358 praecepta
685 2277 723 2334 et
741 2258 895 2334 consilia
907 2259 1036 2333 salutis
1051 2278 1179 2357 petere
1197 2261 1313 2335 Urbis
1325 2278 1504 2335 terrarum

247 2380 452 2467 consuevit,
474 2380 534 2466 ibi,
549 2379 740 2453 conversis
761 2378 886 2475 inique
899 2378 1018 2464 rebus,
1036 2378 1197 2453 nefarios
1209 2404 1353 2454 errores
1372 2380 1506 2476 ipsam·

248 2520 323 2593 que
346 2496 529 2571 haeresim
574 2496 826 2570 monumentis
875 2496 1026 2593 impune
1057 2498 1277 2571 consecrari.
1315 2498 1403 2573 Huc
1440 2523 1507 2572 nos

250 2630 397 2689 traxere
423 2632 602 2712 tempora,
625 2633 664 2690 ut
692 2614 998 2689 abominationem
1032 2614 1266 2690 desolationis
1296 2615 1509 2692 videremus

250 2732 293 2806 in
311 2733 530 2808 locosancto.
554 2733 571 2762 ”
1031 2816 1032 2820 ¹

306 2851 446 2926 Merito
477 2877 627 2950 quoque
647 2868 752 2926 notat
769 2851 1015 2926 Beatissimus
1037 2853 1148 2925 Pater
1169 2877 1176 2926 :
1198 2861 1509 2928 “verumtamen

252 2967 357 3041 utilia
371 2967 598 3043 documenta
614 2969 668 3043 sas
688 2986 807 3043 estex
827 2969 959 3043 iniuria
978 2988 1156 3066 repetere.

307 3084 362 3184 (1)
384 3097 404 3125 ‘⁸
427 3086 529 3161 Hinc
557 3088 656 3161 enim
688 3088 808 3184 magis
840 3105 1006 3183 apparet,
1035 3114 1122 3161 num
1143 3087 1364 3184 quieverint,
1378 3114 1511 3163 everso

257 3203 470 3300 Principatu
498 3205 607 3291 civili,
635 3204 790 3279 hostiles
809 3205 931 3289 animi,
959 3250 1010 3260 —
1044 3232 1091 3278 an
1127 3205 1221 3278 alius
1252 3224 1454 3302 expectant
1473 3224 1512 3280 ut

255 3341 473 3411 extremum,
489 3325 628 3400 scilicet
664 3325 783 3422 ipsam
818 3349 980 3420 aequare
1002 3323 1083 3398 solo
1114 3348 1256 3398 sacram
1292 3324 1512 3399 Pontificum

254 3442 525 3529 auctoritatem,
547 3443 736 3541 fidemque
751 3441 992 3516 christianam
1014 3442 1192 3537 exstirpe
1214 3442 1349 3516 delere.

306 3556 363 3659 (2)
385 3570 405 3599 “
425 3560 606 3636 Similiter
624 3562 772 3645 eminet,
792 3586 880 3633 num
903 3560 985 3632 Nos
1005 3560 1041 3633 in
1062 3560 1275 3656 repetendis
1288 3560 1515 3656 apostolicae

259 3677 369 3752 Sedis
384 3679 524 3753 iuribus
536 3680 702 3753 humana
715 3679 842 3776 aliqua
864 3704 912 3761 re,
929 3703 976 3750 an
992 3679 1116 3774 potius
1135 3676 1306 3752 libertate
1321 3678 1515 3775 apostolici

259 3797 431 3883 muneris,
465 3797 648 3895 dignitate
683 3796 884 3883 Pontificis‚
914 3815 1027 3891 atque
1059 3797 1139 3891 ipsa
1159 3820 1280 3868 rerum
1306 3796 1515 3871 italicarum

260 3938 441 4011 germana
459 3915 708 4012 prosperitate
727 3912 975 3988 moveremur.

311 4029 325 4131 (
330 4029 367 4131 3)
390 4041 409 4070 ‘¹
431 4033 491 4105 Ex
511 4031 581 4105 hoc
606 4032 688 4129 ipso
708 4057 830 4106 rerum
850 4049 987 4106 eventu
1009 4030 1162 4103 nimium
1183 4056 1294 4104 nosse
1314 4031 1407 4118 licet,
1427 4032 1517 4129 quid

262 4151 411 4226 valeant
429 4170 468 4227 et
486 4177 560 4248 quo
584 4152 787 4225 ceciderint
819 4169 895 4224 tam
926 4149 1042 4222 multa
1062 4168 1100 4222 et
1126 4149 1261 4246 ampla,
1290 4176 1386 4247 quae
1414 4151 1518 4224 initio

265 4269 482 4367 promittere
496 4295 538 4342 ac
558 4270 744 4367 spondere
757 4294 831 4343 non
847 4267 1123 4341 dubitaverant.

312 4387 367 4489 (4)
390 4401 411 4430 “
434 4389 545 4464 Hanc
565 4390 652 4464 item
675 4389 831 4475 Urbem,
846 4413 959 4485 quam
992 4387 1071 4462 fore
1090 4413 1239 4482 semper
1257 4407 1294 4461 et
1316 4387 1517 4486 gloriosam

301 4649 322 4686 r.
337 4633 395 4686 Leo
404 4632 489 4698 XIII,
504 4632 591 4686 Alloc.
607 4647 642 4699 30
651 4631 722 4700 junii
736 4632 811 4700 1889.

228 4769 232 4775 ,
300 4727 324 4767 2.
340 4703 559 4781 Ptolomaidos
571 4712 600 4768 S.
613 4712 648 4782 J.,
658 4722 676 4766 t
688 4712 731 4778 64,
741 4729 767 4781 p.
782 4710 844 4765 260.
