3496 5482
1012 489 1446 501 Ἥ

640 551 762 601 cneus
790 551 997 602 summunt.
1381 539 1448 626 163

241 707 368 782 Verba
396 708 506 809 hujus
534 709 603 782 viri
636 710 864 808 magnanimi
898 711 936 784 S.
960 710 1051 785 Sedi
1082 711 1310 809 aliquamdiu
1340 713 1450 788 saluti

191 822 303 898 fuere.
327 826 417 900 Non
436 829 536 901 enim
551 826 732 901 defuisset
747 829 885 924 raptori
904 828 1089 927 gubernio
1109 855 1215 904 mens
1231 830 1451 930 sacrilegam

190 944 469 1039 usurpationem
488 944 784 1031 consummandi,
799 945 869 1018 nisi
887 948 1111 1044 gubernium
1129 947 1313 1023 Gallicum
1335 949 1450 1022 ambi-

190 1063 283 1136 tiosa
298 1082 335 1138 et
347 1091 582 1163 praepropera
598 1066 819 1138 Massonum
830 1065 1017 1140 desideria
1028 1066 1267 1156 cohibuisset,
1274 1070 1450 1143 Romam·

188 1205 261 1276 que
294 1208 378 1256 cum
407 1184 545 1282 exiguo
575 1209 644 1258 suo
675 1184 862 1257 territorio
894 1185 1068 1281 praesidio
1098 1185 1246 1263 militari
1278 1187 1314 1259 in
1344 1212 1449 1260 suam

188 1297 300 1372 fidem
320 1326 361 1373 ac
381 1300 535 1375 tutelam
557 1302 769 1398 recepisset.
791 1301 905 1396 Quod
937 1302 1148 1378 securitatis
1167 1304 1303 1401 pignus
1323 1322 1448 1398 tamen

187 1433 469 1514 temporaneum
489 1420 557 1493 fuit
574 1447 582 1507 ;
602 1445 687 1493 nam
707 1444 807 1493 novo
827 1419 967 1493 foedere
988 1421 1079 1494 inito
1099 1421 1195 1496 inter
1208 1420 1391 1496 Gallicum
1412 1443 1449 1497 et

191 1533 447 1611 Florentinum
475 1539 710 1637 gubernium,
746 1563 834 1611 mox
861 1540 1099 1612 conservatio
1134 1558 1172 1612 et
1201 1540 1448 1638 tranquillitas

188 1654 226 1728 S.
244 1654 355 1730 Sedis
375 1659 410 1730 in
431 1676 512 1732 tuto
543 1659 665 1756 posita
694 1657 918 1731 videbantur
949 1682 994 1731 eo
1024 1657 1125 1753 quotl
1156 1659 1274 1755 copiae
1294 1658 1448 1733 Gallicae

189 1771 348 1846 Romam
369 1773 607 1870 reliquerunt.

239 1905 289 1964 17.
317 1893 458 1967 Verum
477 1894 576 1968 enim
595 1912 634 1968 et
653 1894 732 1967 haec
761 1919 858 1968 nova
877 1894 1014 1968 astutia
1043 1911 1154 1967 sectae
1173 1921 1180 1980 ;
1199 1919 1283 1991 quae
1303 1920 1447 1970 memor

185 2012 386 2086 verborum
409 2013 667 2087 Palmerston:
690 2024 880 2109 “oportet
910 2010 1090 2088 rebellare
1109 2014 1287 2088 continuo
1307 2013 1325 2041 ’¹
1339 2015 1445 2114 jugis

185 2135 387 2208 terroribus
406 2136 586 2232 exagitari
608 2134 738 2208 Status
773 2134 987 2208 Pontificios
1006 2134 1189 2230 cupiebat,
1226 2153 1264 2207 ut
1293 2135 1443 2208 tandem

188 2253 359 2328 Pontifex
375 2253 590 2350 temporalis
610 2253 802 2352 regiminis
818 2254 974 2350 incapax
987 2252 1236 2327 declararetur
1254 2270 1368 2356 atque
1381 2254 1443 2328 de-

185 2371 447 2466 possideretur.
490 2372 582 2444 ldeo
611 2397 740 2445 mense
773 2371 877 2467 Sept.
912 2370 998 2443 anni
1036 2374 1129 2462 1867
1167 2369 1444 2444 Garibaldianae

184 2486 302 2560 turbae
319 2508 483 2574 armatae,
517 2508 643 2586 spreta
661 2488 899 2562 solemnitate
932 2488 1126 2575 foederum,
1149 2488 1185 2560 in
1208 2487 1442 2561 Pontificium

184 2607 408 2679 territorium
427 2607 552 2680 subito
582 2608 776 2693 irruerunt,
796 2632 842 2679 eo
859 2624 971 2703 pacto
989 2624 1031 2679 ut
1060 2606 1222 2680 Romam
1241 2632 1288 2679 ex
1307 2607 1443 2702 impro-

184 2725 265 2799 viso
300 2727 535 2800 adorirentur
571 2752 729 2823 eamque
765 2743 1002 2822 occuparent.
1039 2725 1128 2798 Non
1159 2725 1280 2822 potuit
1317 2725 1443 2821 itaque

183 2843 315 2928 Gallia,
338 2844 385 2917 ne
404 2862 442 2918 et
473 2845 553 2942 ipsa
585 2844 845 2940 inculparetur,
867 2843 956 2939 quin
990 2843 1121 2916 iterum
1142 2868 1227 2915 suas
1259 2843 1386 2939 copias
1406 2843 1442 2914 in

181 2963 359 3037 auxilium
390 2963 553 3038 fidelium
587 2965 700 3059 Papae
732 2962 889 3035 militum
910 2961 1083 3046 mitteret,
1113 2961 1187 3059 qui,
1215 2980 1301 3057 post
1329 2986 1441 3057 quam

183 3087 445 3162 invadentibus
465 3089 606 3162 sicariis
619 3089 710 3186 jam,
726 3087 892 3161 secundo
908 3088 1042 3173 Marte,
1057 3086 1280 3171 restiterant,
1300 3104 1443 3182 postre-

182 3228 244 3275 mo
263 3205 299 3276 in
326 3205 571 3280 Nomentano
602 3203 822 3305 (Mentana)
853 3204 982 3301 praelio
1001 3204 1194 3276 audaciam
1222 3203 1441 3300 praedonum

182 3321 326 3416 plenius
345 3323 537 3421 fregerunt
552 3323 783 3420 eosdemque
803 3323 840 3395 in
860 3322 986 3419 fugam
1002 3338 1205 3395 verterunt.
1224 3320 1348 3415 Quam
1363 3346 1441 3394 sce·

181 3437 390 3513 leratissimi
423 3442 492 3515 viri
525 3440 780 3516 Garibaldiani
814 3440 950 3513 fuerint
979 3456 1164 3512 testantur
1195 3438 1274 3511 haec
1306 3438 1360 3511 Pii
1384 3439 1442 3511 lX

181 3557 318 3631 verba:
337 3569 356 3596 ‘⁸
376 3558 506 3644 Erant,
529 3560 658 3656 inquit,
679 3557 1017 3655 perditissimorum
1037 3556 1229 3629 hominum
1254 3554 1439 3640 cohortes,

179 3673 319 3749 scelere
330 3694 367 3750 et
386 3676 508 3750 furore
524 3677 775 3760 inflammatae,
799 3685 833 3748 et
850 3674 1023 3748 sub'sz'dz'z's
1040 3674 1228 3747 Guberm'i
1239 3671 1444 3770 Subalpt'nz'

179 3794 323 3889 offulae,
346 3820 504 3891 quorum
525 3821 571 3868 ex
602 3821 757 3868 numero
775 3794 908 3868 occulti
929 3792 1053 3890 plures
1074 3794 1109 3864 in
1145 3794 1224 3888 ipsa
1244 3795 1312 3865 hac
1335 3793 1441 3867 Urbe

180 3912 323 4008 pridem
341 3914 601 3998 consederant,
622 3933 734 4011 atque
753 3914 800 3986 ab
821 3939 947 3986 earum
969 3913 1016 3998 vi,
1036 3911 1254 3985 crudelitate
1273 3930 1310 3986 et
1328 3913 1441 3984 armis

188 4036 360 4045 ——-
935 4038 998 4042 —

215 4073 231 4100 “
247 4075 285 4128 Le
300 4075 385 4144 Pape,
398 4075 502 4140 dit-on,
513 4075 557 4128 n'a
577 4092 628 4143 pas
646 4074 696 4127 fait
710 4075 746 4128 de
759 4075 946 4128 concessions
960 4074 995 4138 ;il
1015 4071 1082 4127 s’est
1097 4071 1237 4126 renferme
1250 4071 1322 4124 dans
1336 4072 1361 4124 le
1375 4070 1443 4124 Non

175 4156 337 4222 possumus.

216 4232 232 4259 “
246 4234 270 4285 Y
283 4233 365 4302 a-t-il,
379 4234 543 4301 messieuts,
557 4233 629 4287 deux
641 4233 795 4302 justices‚y
810 4232 884 4287 a-t·il
906 4233 979 4285 deux
993 4233 1110 4300 langues
1121 4231 1174 4284 l—
1188 4232 1212 4283 Y
1231 4229 1304 4284 a·t·il
1317 4246 1373 4282 une
1383 4229 1443 4297 jus-

179 4311 234 4367 tice
247 4329 317 4381 pour
330 4315 372 4367 les
385 4331 447 4383 uns,
461 4331 518 4367 une
536 4313 638 4382 justice
652 4330 722 4382 pour
735 4315 776 4366 les
799 4313 914 4366 autres?
927 4342 962 4350 -
982 4312 1006 4363 Y
1027 4310 1100 4364 a-t-it
1114 4327 1169 4365 une
1189 4311 1290 4378 langue
1303 4325 1374 4378 pour
1387 4325 1442 4362 une

179 4392 276 4445 nation
290 4393 386 4447 etune
399 4395 506 4461 langue
519 4409 590 4462 pour
604 4410 659 4447 une
671 4404 752 4447 autre
766 4392 887 4446 nationi

215 4472 231 4497 “
246 4472 395 4527 Comment
410 4477 416 4526 l
432 4474 486 4526 voil
496 4473 513 4524 a
523 4490 560 4524 un
573 4473 723 4525 souverain
737 4472 868 4541 regulier,
881 4469 929 4541 qui
940 4487 957 4523 a
970 4479 1034 4523 tous
1052 4469 1196 4536 lestines,
1210 4467 1226 4521 a
1240 4468 1286 4538 qui
1301 4485 1337 4521 on
1353 4468 1443 4536 prend

178 4553 416 4607 successivement
429 4553 471 4606 les
483 4561 584 4622 quatre
601 4552 776 4620 cinquiemes
802 4551 839 4604 de
854 4567 899 4604 ses
914 4543 1004 4614 Eram,
1022 4559 1051 4603 et
1069 4565 1105 4600 on
1119 4548 1160 4601 dit
1174 4566 1180 4602 :
1194 4549 1262 4602 c'est
1274 4565 1313 4601 un
1326 4546 1420 4601 entete
1436 4566 1443 4611 ς

178 4631 196 4683 il
209 4647 240 4684 se
250 4632 389 4685 renferme
402 4632 474 4685 dans
486 4633 514 4684 le
529 4631 595 4682 Non
604 4635 766 4698 possumus,
780 4630 801 4683 il
817 4647 853 4684 ne
867 4639 933 4683 veut
945 4629 1091 4683 consentir
1104 4628 1121 4680 a
1134 4628 1212 4681 rien!

214 4710 231 4736 “
244 4712 269 4763 Α
281 4711 347 4782 quoi
361 4712 540 4765 rodez-vous
553 4710 619 4780 qu'il
632 4722 768 4764 conserite
780 4712 790 4764 ἲ
822 4710 835 4735 ”
