3496 5482
594 498 716 550 cneus
743 498 923 550 nscruuu
951 498 1151 562 Qunnruu.
1435 497 1508 567 329

300 658 414 756 Quod
440 661 471 735 si
503 661 609 736 Deus
637 679 832 758 tantopere
851 679 1068 758 exoptatam
1089 664 1400 736 restaurationem
1425 684 1508 757 pro·

247 779 451 855 crastinare
469 780 638 867 videtur,
659 779 695 853 in
710 805 823 854 causa
840 798 927 854 sunt
939 779 1064 854 forsan
1079 799 1233 878 peccata
1251 777 1379 878 populi
1396 777 1454 852 sui
1466 803 1508 850 ac

248 898 444 995 praesentis
458 899 647 973 societatis
664 926 672 984 ;
693 898 728 972 in
747 923 859 972 causa
870 915 971 972 certe
985 915 1072 972 sunt
1091 897 1245 972 consilia
1263 915 1407 972 secreta
1422 896 1505 980 Dei,

248 1015 311 1112 qui
330 1013 555 1114 longanimis
567 1035 605 1090 et
616 1016 788 1090 conscius
801 1041 922 1090 rerum
942 1033 1133 1114 gestarum
1147 1032 1260 1090 sectae
1276 1015 1410 1112 impiae,
1425 1039 1506 1087 eam

248 1158 316 1230 pro
336 1153 505 1231 tempore
531 1134 728 1230 conjurare
754 1134 842 1208 sinit
861 1152 898 1209 et
917 1150 1063 1209 tentare
1085 1133 1373 1209 aedificationem
1399 1131 1508 1206 turris

249 1269 286 1326 et
317 1251 490 1337 civitatis,
511 1271 552 1326 ut
581 1269 712 1348 postea
741 1251 986 1327 aedificatores
1006 1277 1072 1326 eos
1092 1252 1249 1351 jamjam
1277 1276 1373 1349 opus
1399 1274 1507 1324 suum

248 1371 500 1467 completuros
519 1370 668 1466 penitus
687 1369 901 1456 confundat,
916 1369 1234 1466 quemadmodum
1253 1388 1365 1444 antea
1382 1365 1473 1442 conl
1495 1410 1508 1422 ·

248 1489 303 1564 dit
321 1489 449 1564 turrim
473 1487 741 1586 Babylonicam
759 1487 989 1563 aedificantes
1007 1516 1014 1575 ;
1042 1488 1079 1561 in
1107 1513 1218 1563 causa
1245 1507 1302 1563 est
1322 1485 1507 1584 ipsissima

247 1606 445 1705 singularis
467 1606 705 1681 Providentia
728 1605 825 1680 Dei:
844 1606 875 1680 si
895 1606 994 1680 enim
1014 1606 1236 1681 restauratio
1248 1605 1308 1679 illa
1328 1605 1509 1679 niteretur

247 1727 368 1825 primo
379 1725 575 1801 conatibus
588 1750 688 1799 mere
703 1725 886 1812 humanis,
907 1725 996 1823 quid
1015 1744 1072 1800 est
1086 1751 1150 1799 cur
1161 1725 1353 1826 adjunctio
1367 1742 1405 1799 et
1420 1748 1507 1798 con·

248 1847 412 1920 servatio
434 1845 602 1919 Dominii
622 1845 838 1942 temporalis
858 1845 896 1918 S.
918 1844 1030 1919 Sedis
1049 1844 1234 1919 diceretur
1261 1871 1309 1920 ex
1328 1841 1505 1942 singulari

251 1965 325 2040 Dei
345 1965 577 2062 providentis
595 1965 751 2039 consilio
770 1965 807 2038 in
827 1963 980 2039 tutelam
1001 1962 1181 2038 libertatis
1200 1988 1380 2039 concessa
1403 1961 1506 2036 exin·

248 2084 370 2180 deque
390 2076 532 2182 fulgere
546 2083 759 2157 charactere
774 2081 930 2156 mirabili
946 2100 984 2156 et
1002 2082 1282 2179 quodammodo
1297 2081 1426 2156 divino
1443 2079 1457 2154 ?

298 2217 328 2277 6.
349 2203 389 2275 Α
394 2202 415 2302 )
440 2203 546 2301 Ergo
565 2221 692 2277 nostra
710 2227 797 2300 spes
816 2202 937 2299 primo
956 2203 992 2275 in
1016 2201 1102 2276 Deo
1121 2204 1243 2299 posita
1269 2203 1317 2276 sit
1344 2218 1503 2298 oportet.

248 2319 384 2394 Vincet
397 2320 599 2418 aliquando
612 2321 793 2407 Christus
812 2320 892 2394 Leo
906 2320 953 2393 de
968 2320 1066 2392 tribu
1081 2320 1187 2418 Juda,
1202 2339 1242 2395 ut
1255 2320 1355 2394 canit
1374 2317 1505 2392 mediis

248 2439 285 2512 in
305 2439 604 2515 tribulationibus
623 2458 729 2514 vates
749 2459 876 2515 noster
897 2440 976 2513 Leo
996 2440 1100 2514 Xlll
1120 2464 1128 2516 t

378 2648 394 2676 “
412 2643 567 2726 Occidit!
584 2643 776 2722 inclamant,
789 2643 873 2708 solio
889 2643 1039 2726 dejectus
1056 2643 1089 2707 in
1108 2643 1180 2726 ipso

377 2752 395 2780 ‘⁸
406 2746 557 2825 Carcere,
575 2747 608 2809 in
622 2748 780 2811 aerumnis
796 2747 920 2812 occidit
936 2767 1012 2811 ecce
1028 2749 1097 2811 Leo
1116 2747 1122 2810 !

376 2853 494 2938 “Spes
511 2853 649 2917 insana!
668 2855 738 2918 Leo
754 2853 838 2918 alter
853 2856 959 2931 adest,
974 2854 1031 2937 qui
1048 2874 1142 2918 sacra
1158 2852 1308 2919 volentes

378 2964 393 2991 ‘⁴
404 2959 485 3042 Jura
495 2959 552 3024 dat
569 2959 602 3022 in
619 2958 763 3042 populos
780 2960 1024 3043 imperiumque
1040 2969 1132 3024 tenet
1148 2959 1201 3043 (¹).
1213 2960 1229 2986 ’'

302 3147 441 3222 Nonne
460 3173 527 3244 spe
547 3146 678 3220 luturae
706 3146 988 3221 restaurationis
1018 3146 1252 3242 Principatus
1271 3147 1326 3220 sui
1348 3145 1504 3234 fulcitus,

251 3265 425 3340 Pontifex
445 3282 613 3339 remanet
635 3264 767 3338 Romae
786 3263 801 3338 ?

190 3452 193 3458 .
299 3394 317 3421 ‘¹
335 3383 592 3458 Potuissemus
610 3383 785 3480 equidem
805 3384 1037 3480 supplicium,
1052 3385 1220 3482 quotidie
1240 3384 1391 3458 bibendi
1406 3411 1507 3459 ama-

247 3527 326 3575 rum
347 3501 446 3574 illum
466 3500 629 3585 calicem,
644 3501 778 3596 partim
804 3501 980 3600 effugere,
998 3520 1150 3599 tamque
1177 3501 1405 3599 lacrymabili
1424 3530 1506 3601 spe·

246 3617 389 3693 ctaculo
404 3618 561 3716 perNos
577 3618 678 3716 ipsos
689 3619 942 3705 assistendi,in
955 3639 1122 3695 exteram
1138 3619 1300 3718 aliquam
1313 3622 1505 3720 regionem

244 3737 388 3834 asylum
413 3737 667 3835 quaeritantes.
699 3781 749 3792 -
780 3737 932 3823 Verum,
964 3738 995 3811 si
1025 3738 1178 3810 maximi
1212 3763 1280 3834 pro
1313 3739 1505 3837 religionis

247 3854 444 3929 commodo
476 3855 655 3928 momenti
686 3854 850 3929 rationes
882 3875 1088 3940 suaserunt,
1112 3855 1148 3927 in
1179 3856 1356 3953 praesenti
1382 3882 1503 3931 rerum

245 3971 459 4047 conditione
480 3997 553 4045 non
573 3997 656 4046 esse
678 3973 800 4047 Nobis
820 3973 1100 4048 dilectissimam
1121 3975 1229 4048 istam
1248 3974 1405 4060 Urbem,
1429 3976 1503 4049 Ro-

246 4090 345 4163 mani
361 4088 551 4163 Pontificis
567 4089 717 4176 Sedem
733 4091 845 4165 modo
862 4092 1154 4189 relinquendam,
1170 4093 1206 4166 id
1221 4111 1321 4167 certe
1334 4118 1408 4166 non
1423 4094 1503 4167 sine

244 4208 395 4306 speciali
415 4208 551 4281 divinae
574 4209 825 4285 Providentiae
844 4211 1000 4286 consilio
1020 4211 1157 4285 sactum
1177 4233 1244 4299 est,
1266 4230 1305 4286 ut
1327 4213 1404 4286 suis
1423 4212 1503 4309 ipse

244 4327 360 4402 oculis
389 4326 505 4401 Orbis
538 4329 753 4415 intueretur,
775 4355 947 4427 quaenam
979 4331 1188 4405 Ecclesiam
1215 4331 1503 4430 Romanumque

282 4585 303 4623 1.
316 4571 437 4624 Carmen
450 4570 553 4624 Leonis
574 4571 657 4626 Xlll.
673 4601 706 4610 -
722 4572 762 4627 Cf.
777 4573 958 4644 Vennekens,
970 4573 1111 4630 Nlcessr'tl
1125 4573 1211 4634 d’une
1230 4580 1350 4636 restaur.
1363 4577 1403 4629 du
1414 4581 1503 4656 portat.

244 4653 325 4720 temp.
339 4650 385 4703 des
394 4651 493 4720 Paper,
507 4658 535 4715 4ε
546 4650 622 4718 edit,
635 4668 661 4721 p.
679 4653 719 4709 18.
