3496 5482
338 459 1584 473 -Ἣ-Μι-Ἥ--ι-

336 501 407 592 348
744 524 837 573 Para
864 524 923 573 srr
952 524 1025 573 nex
1055 524 1180 574 nones.

390 680 441 756 Et
460 682 611 782 insuper
628 683 844 783 adjustitiae
875 683 935 760 vel
954 703 1095 760 naturae
1120 684 1218 760 illam
1246 686 1434 785 aequitatis
1452 688 1591 784 aspira·

335 802 476 879 tionem
495 807 702 881 vitiandam
730 807 766 880 in
796 805 984 881 mentibus
1013 823 1050 881 et
1081 807 1256 881 cordibus
1292 806 1588 905 proletariorum‚

329 921 407 1020 jam
430 924 519 999 nihil
541 950 613 1001 non
633 943 872 1000 tentaverunt
890 945 1002 1000 sectae
1032 926 1278 1012 Massonicae,
1301 923 1523 1001 instillantes
1555 925 1591 998 in

334 1043 480 1117 animos
499 1045 752 1142 operariorum
773 1044 979 1142 praesertim
1004 1046 1185 1142 justitiam
1215 1045 1295 1120 salsi
1325 1045 1498 1129 nominis,
1519 1044 1592 1132 vel,

334 1177 373 1234 ut
402 1162 454 1236 ait
475 1163 555 1238 Leo
574 1164 723 1252 Xlll,“
743 1165 799 1239 ius
818 1189 957 1239 novum
976 1166 1078 1263 quod
1096 1182 1133 1240 et
1149 1165 1216 1240 luit
1235 1182 1347 1240 antea
1364 1166 1534 1264 ignotum
1553 1181 1592 1238 et

335 1304 357 1351 a
376 1279 455 1355 iure
471 1307 544 1356 non
564 1282 683 1357 solum
702 1283 908 1358 christiano
926 1285 993 1358 sed
1019 1284 1132 1358 etiam
1154 1282 1309 1357 naturali
1329 1282 1413 1380 plus
1442 1307 1516 1357 una
1542 1308 1591 1357 ex

333 1417 439 1492 parte
457 1400 672 1499 discrepans
684 1402 702 1429 ”
716 1446 767 1458 -
780 1403 842 1499 jus
862 1401 1162 1487 naturalisticum,
1176 1402 1207 1474 si
1226 1401 1277 1475 ita
1288 1400 1390 1498 loqui
1409 1401 1464 1475 las
1476 1417 1592 1475 est-

329 1514 392 1612 jus
414 1517 605 1594 effrenatae
637 1518 827 1609 libertatis,
848 1519 1071 1617 aequalitatis
1089 1538 1127 1593 et
1146 1519 1388 1595 fraternitatis
1418 1544 1528 1618 vagae
1542 1563 1592 1576 -··

329 1633 392 1730 jus
420 1637 525 1735 cujus
557 1637 683 1712 nativa
715 1638 772 1712 vis
800 1654 857 1712 est
886 1657 1019 1712 cuncta
1049 1638 1268 1713 subvertere
1294 1664 1338 1712 ac
1366 1660 1591 1734 promovere

334 1756 575 1832 aversionem
611 1760 646 1832 in
667 1759 753 1857 jura
778 1758 939 1857 positiva
967 1758 1095 1832 divina
1122 1757 1162 1833 S.
1184 1756 1294 1832 Sedis
1313 1774 1351 1831 et
1380 1754 1590 1854 Religionis

336 1871 568 1963 Christianae,
598 1876 734 1952 luctam
768 1878 803 1952 in
831 1877 1037 1977 legitimam
1074 1876 1341 1974 proprietatem
1374 1898 1589 1972 quamcum-

332 2016 417 2089 que,
439 1993 565 2069 odium
591 2015 777 2071 secretum
797 1997 833 2071 in
858 1997 1098 2072 auctoritates
1117 2022 1259 2082 omnes,
1280 2021 1356 2070 uno
1375 1993 1503 2081 verbo,
1527 1993 1592 2093 jus

336 2108 504 2206 prolecto
527 2113 802 2190 socialisticum.

389 2247 515 2323 Hicin
530 2268 695 2325 mentem
714 2276 827 2355 supra
846 2268 993 2324 narrata
1012 2276 1176 2327 revoces.

391 2382 484 2460 lnde
502 2398 646 2460 cunctae
678 2385 785 2460 nobis
805 2387 931 2461 mixtae
962 2404 1076 2484 atque
1094 2386 1260 2461 confusae
1290 2403 1441 2461 exstant
1471 2381 1591 2458 notio-

339 2525 406 2578 nes
431 2505 588 2603 justitiae
617 2522 654 2580 et
678 2506 783 2605 juris,
805 2506 892 2580 exin
920 2525 1053 2580 cuncta
1077 2531 1227 2604 quoque
1246 2504 1407 2603 caligine
1425 2527 1594 2577 errorum

338 2619 582 2711 obducuntur,
603 2624 690 2699 exin
725 2643 806 2698 atra
838 2651 913 2699 nox
931 2643 970 2700 et
989 2624 1154 2700 tenebrae
1185 2625 1321 2721 quibus
1343 2621 1509 2719 undique
1526 2619 1594 2694 cir·

337 2736 586 2816 cumvolvitur
604 2743 763 2818 societas
795 2761 931 2830 nostra,
960 2761 999 2818 ut
1032 2761 1151 2817 tutum
1179 2743 1318 2842 eligere
1346 2742 1416 2816 iter
1444 2757 1481 2815 et
1513 2765 1594 2814 cur·

337 2883 419 2933 sum
450 2861 497 2934 ad
524 2861 707 2960 justitiam
748 2861 925 2937 socialem
953 2886 1080 2937 veram
1108 2861 1172 2934 vix
1199 2879 1236 2935 et
1268 2885 1315 2934 ne
1346 2859 1410 2933 vix
1442 2858 1595 2957 quidem

339 2997 465 3074 possrt.

390 3106 467 3182 Sed
486 3107 645 3207 pervigil
671 3108 845 3182 Pontifex
876 3107 1079 3205 periculum
1110 3107 1304 3204 praesentis
1331 3105 1595 3180 commotionis

339 3245 376 3301 et
396 3227 647 3326 indagationis
666 3226 812 3301 socialis
826 3228 906 3326 jam
938 3227 1120 3323 praevidit,
1138 3224 1371 3322 populosque
1390 3223 1596 3299 emanibus

339 3365 461 3433 sectae,
496 3363 533 3421 et
565 3346 612 3419 ab
640 3346 846 3420 imminenti
872 3345 1037 3442 pernicie
1057 3345 1201 3441 eripere
1230 3344 1317 3417 totis
1343 3342 1485 3417 viribus
1516 3343 1595 3442 jam

339 3484 503 3539 conatur.
522 3465 661 3539 Custos
680 3464 829 3561 quidde
848 3482 957 3538 nocte
973 3464 988 3538 ?
1006 3464 1066 3538 De
1085 3481 1194 3537 nocte
1214 3463 1365 3560 inquam
1385 3463 1421 3535 in
1441 3486 1517 3559 qua
1534 3485 1597 3534 va·

340 3600 451 3683 gatur
469 3583 629 3658 societas
647 3583 662 3656 ?

393 3711 445 3785 Et
460 3735 547 3784 ecce
566 3708 705 3783 clamor
727 3708 916 3782 Pontificis
934 3709 1040 3806 quasi
1056 3707 1249 3782 classicum
1269 3734 1316 3783 ex
1336 3706 1412 3781 alto
1425 3705 1596 3781 Vaticani

341 3829 435 3905 colle
463 3853 639 3904 resonare
657 3826 806 3901 auditus
825 3845 882 3901 est
904 3827 952 3900 ad
979 3853 1087 3902 aures
1119 3827 1285 3901 omnium
1318 3828 1596 3900 moderatorum

341 3947 562 4047 populorum
575 3972 682 4044 aeque
694 3973 736 4019 ac
750 3946 897 4032 civium,
913 3947 1220 4043 percrebrescens
1235 3946 1512 4043 perEuropam,
1522 3943 1597 4017 imo

342 4068 556 4166 perOrbem
573 4065 788 4139 universum
808 4065 843 4137 in
863 4062 1069 4138 admirabili
1090 4063 1276 4162 encyclica
1291 4055 1372 4137 “de
1383 4062 1597 4137 conditione

341 4185 514 4284 opificum
526 4185 544 4213 '’
564 4183 751 4280 inscripta.
776 4182 874 4256 Ecce
894 4202 1021 4257 monet
1044 4182 1216 4257 Pontifex
1232 4199 1401 4279 pastores
1419 4180 1598 4256 Ecclesia

341 4331 429 4392 suae,
458 4304 715 4378 moderatores
747 4327 958 4399 regnorum,
979 4326 1236 4399 quoscumque
1255 4301 1406 4375 demum
1425 4299 1598 4373 cordatos

342 4425 454 4509 cives,
477 4440 517 4497 ut
545 4447 692 4496 cursum
722 4420 912 4495 societatis
939 4439 1040 4494 recte·
1072 4420 1247 4520 dirigant,
1279 4445 1324 4494 ne
1355 4417 1525 4492 navicula
1561 4419 1597 4491 in

342 4559 511 4640 paratum
526 4542 605 4640 jam
625 4539 839 4612 barathrum
861 4538 1144 4614 ineluctabiliter
1167 4555 1304 4636 pereat.
1339 4548 1359 4576 “
1382 4537 1598 4634 Utcumque

343 4662 400 4752 sit,
414 4661 474 4751 ait,
489 4659 639 4738 infimae
668 4658 777 4732 sortis
798 4658 1010 4735 bominibus
1025 4659 1194 4734 celeriter
1205 4674 1263 4732 est
1276 4675 1389 4754 atque
1400 4663 1598 4753 opportune
