3496 5482
661 538 754 587 PAPA
781 539 841 586 SIT
869 539 943 587 REX
974 538 1100 589 ROMAE.

250 695 383 770 iterum
402 695 565 782 damnat,
585 697 851 794 Principesque
867 697 918 769 sic
934 697 1156 771 monefacit:
1177 709 1198 737 “
1221 698 1310 771 Non
1332 698 1443 771 modo
1462 696 1511 770 ad

249 813 469 888 catholicam
490 813 708 913 religionem
728 814 1015 900 defendendam,
1036 815 1102 889 sed
1121 816 1169 888 ad
1189 817 1364 889 tuendam
1397 815 1510 889 etiam

249 950 412 1006 vestram
445 950 482 1007 et
514 931 736 1030 populorum
767 931 1070 1018 incolumitatem,
1105 950 1217 1007 sectae
1249 932 1319 1007 illae
1349 958 1371 1005 a
1402 933 1511 1007 vobis

248 1051 464 1124 coercenda:
482 1069 579 1125 sunt.
602 1051 727 1124 Tanta
746 1068 803 1125 est
822 1050 1014 1124 hominum
1035 1076 1164 1125 eorum
1189 1050 1509 1125 callidissimorum

247 1169 394 1255 astutia,
411 1186 451 1242 ut
465 1195 548 1243 curn
570 1169 731 1242 maxime
746 1169 921 1242 videntur
941 1188 1076 1242 vestrae
1096 1169 1292 1265 potestatis
1311 1168 1511 1266 amplifica·

249 1287 339 1360 tioni
358 1287 519 1373 studere,
542 1303 620 1359 tum
640 1286 721 1384 ejus
740 1286 974 1360 eversionem
994 1287 1181 1384 praecipue
1199 1304 1379 1383 spectent.
1400 1285 1418 1312 ‘'

299 1403 373 1477 Ast
400 1404 494 1501 proh
523 1403 711 1478 dolorem!
747 1402 941 1476 Gubernia
975 1429 1041 1477 nec
1074 1402 1336 1478 intellexerunt
1368 1403 1511 1478 monita
1595 1454 1599 1458 -

249 1521 385 1595 Vicarii
401 1520 651 1608 Christi,sicut
666 1547 732 1597 nec
751 1540 838 1594 ante
858 1547 990 1595 vocem
1010 1520 1190 1618 Principis
1207 1523 1254 1595 de
1280 1519 1508 1595 Metternich

248 1641 452 1715 audierant.
462 1640 730 1715 Constitutioni
747 1641 885 1715 Leonis
900 1639 1087 1737 applicare
1101 1639 1186 1715 licet
1202 1640 1317 1714 verba
1330 1666 1414 1738 quae
1429 1640 1510 1737 ipse

247 1756 392 1831 locutus
411 1777 468 1832 est
489 1758 722 1854 Principibus
742 1757 790 1831 de
809 1782 883 1830 non
903 1758 1039 1831 auditis
1056 1758 1396 1843 constitutionibus
1416 1782 1510 1855 quas

247 1900 294 1949 ex
321 1875 467 1974 integro
494 1874 617 1962 refert,
647 1874 853 1950 Clementis
882 1874 963 1948 XII
995 1892 1032 1949 et
1066 1876 1259 1950 Benedicti
1292 1874 1399 1961 XIV,
1429 1873 1511 1975 §5z

249 2003 270 2032 “
293 1993 447 2068 Utinam
460 1995 522 2092 qui
538 2020 658 2069 rerum
672 2014 759 2070 tunc
772 1996 1018 2093 potiebantur,
1034 1996 1125 2071 tanti
1144 1995 1223 2070 haec
1242 1997 1392 2071 decreta
1405 1996 1509 2070 fecis-

246 2129 340 2198 sent,
361 2113 489 2209 quanti
509 2130 586 2187 tum
609 2112 789 2189 Ecclesiae
808 2130 885 2187 tum
908 2113 1138 2211 Reipublicae
1156 2112 1256 2188 salus
1272 2112 1509 2211 postulabat!

251 2230 407 2305 Utinam
427 2248 614 2327 potestate
633 2229 694 2304 illa
712 2256 779 2304 sua
797 2231 853 2304 usi
873 2249 1009 2318 essent,
1025 2233 1071 2305 ad
1090 2250 1212 2306 sectas
1231 2229 1506 2320 convellendas

247 2373 403 2445 quarum
425 2347 600 2445 pestifera
618 2347 772 2422 consilia
791 2349 835 2422 iis
853 2373 875 2422 a
895 2347 996 2422 Sede
1010 2348 1232 2445 Apostolica
1246 2347 1391 2424 fuerant
1405 2366 1508 2446 pate·

247 2464 358 2540 facta!
378 2465 461 2562 Jarn
481 2466 529 2540 ab
547 2491 593 2542 eo
613 2484 781 2565 tempore
800 2491 878 2540 rem
899 2465 1009 2563 plane
1027 2466 1296 2541 confecissent!
1316 2467 1332 2493 ”

296 2583 358 2657 Ex
377 2583 466 2658 odio
484 2609 575 2682 erga
596 2583 826 2671 Pontificem,
848 2584 911 2682 qui
930 2584 1108 2659 audacter
1127 2584 1206 2658 haec
1225 2585 1506 2681 conscripserat,
1560 2667 1562 2671 ¹

241 2707 489 2781 decreverunt
520 2709 718 2783 Massones
752 2708 1062 2783 Ravennatenses
1087 2725 1245 2782 mortem
1283 2706 1509 2781 Cardinalis·

245 2827 378 2925 Legati
397 2826 590 2914 Rivarola;
609 2828 675 2900 sed
695 2826 858 2913 sicarius,
880 2828 941 2924 qui
967 2829 1095 2926 jussus
1114 2847 1193 2902 erat
1218 2854 1302 2901 eum
1326 2827 1507 2920 occidere,

243 2946 279 3018 in
299 2969 461 3019 errorem
483 2944 655 3018 inductus
673 2944 802 3020 fefellit
821 2963 859 3019 et
878 2945 1032 3042 praelato
1050 2945 1196 3018 cuidam
1217 2945 1379 3019 adstanti
1412 2970 1507 3018 mor·

241 3082 315 3138 tem
337 3065 468 3152 intulit,
487 3065 589 3162 quod
617 3066 755 3140 crimen
777 3065 1016 3140 nihilominus
1047 3068 1186 3166 Reges,
1207 3066 1341 3139 animis
1369 3066 1509 3140 incuria

241 3183 384 3279 sopitis,
425 3202 556 3279 pacate
593 3183 720 3258 tulere.
750 3229 801 3241 -
834 3196 854 3223 “
890 3186 1107 3259 Monuimus
1147 3185 1348 3281 Principes,
1378 3228 1429 3257 —.
1457 3185 1509 3259 ita

242 3301 443 3397 suspiravit
462 3301 541 3375 Leo
560 3303 616 3375 XI
629 3303 655 3387 l,
676 3319 782 3376 -et
805 3303 995 3399 Principes
1014 3303 1219 3388 dormiunt;
1237 3322 1275 3376 et
1295 3303 1507 3376 monuimus

243 3422 432 3495 ministros
452 3447 578 3495 eorum
600 3442 637 3497 et
657 3424 814 3497 ministri
834 3449 907 3498 non
929 3421 1085 3520 vigilant
1104 3420 1159 3522 (¹)
1182 3422 1198 3448 ”
1279 3417 1281 3420 Α

292 3553 330 3613 4.
352 3539 438 3613 Pius
458 3539 573 3626 VIII,
610 3566 802 3615 successor
837 3542 976 3615 Leonis
1005 3541 1151 3626 Xll,in
1186 3539 1408 3614 brevissimo
1437 3565 1507 3615 suo

246 3656 478 3745 Pontificatu,
499 3658 631 3731 iterum
651 3656 751 3732 levat
771 3685 902 3733 vocem
922 3675 1052 3733 contra
1075 3660 1283 3743 Massones,
1308 3683 1375 3732 nec
1404 3659 1508 3732 audi·

243 3793 310 3849 tur.
333 3785 353 3814 ‘⁴
376 3775 564 3850 Perterriti
585 3802 724 3863 sumus,
742 3777 860 3874 inquit
881 3778 961 3874 ejus
985 3777 1206 3851 secretarius
1225 3795 1354 3862 status,
1378 3775 1507 3849 Cardi-

204 3895 205 3898 ’
244 3892 335 3967 nalis
355 3891 504 3978 Albani,
527 3894 711 3990 perterriti
732 3921 869 3982 sumus,
891 3895 973 3969 viso
993 3893 1167 3990 pericul0,
1186 3894 1221 3967 in
1241 3920 1316 3992 quo
1336 3914 1508 3968 versatur

246 4009 414 4107 Europa;
434 4030 472 4084 et
493 4010 647 4108 Europa
666 4014 787 4099 saltat,
805 4013 910 4100 ridet,
928 4012 1030 4098 ludit,
1051 4038 1093 4086 ac
1114 4013 1143 4085 si
1164 4012 1366 4110 periculum
1386 4030 1506 4086 exsta·

243 4147 298 4204 ret
318 4146 461 4203 tantum
481 4145 519 4202 et
538 4128 646 4204 unice
665 4156 732 4227 pro
757 4131 900 4205 Nobis!
921 4130 939 4158 ”

297 4247 386 4321 Post
421 4247 550 4321 decem
583 4273 700 4322 annos
733 4247 911 4323 indefessi
936 4248 1084 4336 laboris,
1118 4251 1320 4325 Massones
1352 4249 1506 4325 tandem

244 4365 483 4441 rebellionem
511 4366 758 4441 universalem
778 4388 1091 4466 praeparaverunt,
1113 4369 1342 4443 conturbatis
1360 4370 1505 4444 univer·

243 4484 294 4558 sis
324 4485 488 4582 Europae
520 4485 746 4582 regionibus,
780 4485 943 4575 Polonia,
978 4487 1175 4584 Hispania,
1208 4485 1351 4585 Belgi0,
1387 4485 1504 4574 Italia,

280 4698 302 4739 1.
323 4684 385 4738 Van
400 4686 517 4753 Duerm,
531 4688 550 4740 l.
563 4702 594 4752 c.,
607 4702 634 4757 p.
652 4699 709 4752 140.
