3496 5482
291 571 340 641 34
699 564 793 613 aaut
818 565 879 613 su*
908 564 982 612 unx
1012 564 1140 616 nouas.

290 747 477 831 putarunt,
492 728 620 801 iniisse
640 725 781 800 soedera
795 749 879 798 cum
899 725 1085 823 aliquibus
1099 726 1340 823 principibus,
1356 745 1549 826 gestarum

291 873 412 922 rerum
428 843 620 919 memoriae
654 860 847 928 testantur,
867 859 905 916 at
923 861 1024 918 certe
1044 842 1183 918 nullum
1203 843 1313 930 estin
1344 860 1422 917 tota
1435 842 1551 918 eccle·

290 964 439 1038 siastica
458 961 612 1037 historia
647 958 861 1056 exemplum
875 960 1049 1057 perpetui
1063 959 1428 1058 cujusdamfoederis,
1448 960 1549 1058 quod

292 1106 314 1155 a
332 1080 488 1154 summis
511 1076 756 1153 Pontificibus
775 1075 908 1150 initum
922 1075 1043 1152 luerit.
1504 1148 1507 1153 ,

345 1209 366 1238 “
389 1196 484 1271 Illud
503 1220 636 1270 omnes
655 1192 762 1267 lacile
781 1192 992 1294 intelligent
1029 1195 1241 1269 Romanum
1265 1194 1484 1269 Pontificem
1504 1194 1551 1268 ab

291 1340 337 1389 ea
369 1315 514 1389 ratione
542 1338 616 1388 non
636 1336 748 1409 posse
767 1311 972 1400 discedere,
992 1336 1067 1410 qua
1084 1335 1233 1410 semper
1260 1325 1318 1388 est
1337 1333 1550 1389 neutrarum

291 1432 565 1534 partiuml¹l”
1206 1503 1209 1507 ,
1265 1518 1269 1523 ‚

342 1565 376 1627 9.
402 1553 522 1645 Im09
546 1550 646 1649 Junii
674 1553 766 1624 1862
798 1567 898 1624 totus
919 1550 1170 1648 Episcopatus
1202 1551 1406 1628 catholicus
1424 1577 1492 1649 per
1509 1575 1552 1625 os

293 1669 501 1746 Cardinalis
523 1669 668 1755 Mattei,
685 1667 779 1743 sacri
800 1667 961 1768 Collegii
983 1669 1139 1754 Decani,
1155 1668 1373 1746 solemniter
1390 1669 1553 1744 declara·

292 1789 369 1864 vit:
388 1805 561 1885 oportere
585 1803 676 1862 sane
695 1787 808 1861 totius
826 1785 1007 1861 Ecclesiae
1021 1803 1142 1884 caput,
1166 1787 1379 1865 Romanum
1402 1785 1552 1862 Pontifi-

292 1931 383 1992 cem,
422 1930 496 1979 non
536 1922 680 1978 tantum
727 1902 816 1977 nulli
847 1904 1006 2002 principi
1046 1930 1131 1980 esse
1172 1905 1392 2004 subjectum,
1425 1916 1447 1945 ⁴⁶
1482 1928 1553 1978 ruo

293 2046 458 2099 surmus
488 2020 809 2097 uosp1rsu''.'-
837 2021 889 2095 Et
916 2021 1013 2097 hanc
1033 2021 1246 2119 praeclaram
1282 2041 1320 2099 et
1350 2023 1552 2098 decisivam

291 2143 435 2230 addidit
479 2141 685 2222 rationem:
715 2140 859 2236 “Quis
909 2140 1064 2216 inficiari
1096 2141 1216 2240 possit
1244 2143 1281 2217 in
1319 2142 1391 2217 hoc
1433 2167 1552 2218 rerum

292 2261 547 2346 humanarum,
565 2258 1164 2358 opinionum,institutionumque
1178 2259 1363 2347 conflictu,
1387 2286 1554 2336 necessa-

294 2380 387 2453 rium
404 2404 488 2453 esse
507 2395 556 2451 ut'
573 2396 744 2454 servetur
763 2394 930 2452 extrema
953 2376 990 2451 in
1012 2378 1166 2475 Europa
1187 2378 1344 2467 medius,
1366 2398 1441 2453 tres
1460 2379 1556 2453 inter

294 2498 431 2573 veteris
451 2497 578 2570 mundi
594 2496 842 2582 continentes,
859 2496 1011 2594 quidam
1025 2497 1128 2573 velut
1140 2523 1245 2573 sacer
1255 2497 1368 2586 locus,
1385 2498 1555 2573 etSedes

293 2614 567 2718 augustissima,
599 2615 697 2689 unde
728 2613 874 2711 populis
905 2614 1215 2714 principibusque
1233 2615 1398 2691 vicissim
1417 2616 1557 2691 oriatur

294 2758 370 2810 vox
388 2725 560 2833 quaedam
581 2757 718 2830 magna
736 2751 956 2831 potensque,
976 2757 1051 2807 vox
1072 2758 1208 2831 nempe
1222 2733 1380 2833 justitiae
1399 2753 1436 2808 et
1461 2734 1555 2809 veri·

293 2852 389 2939 tatis,
412 2850 520 2924 nullis
539 2848 669 2925 favens
689 2874 765 2945 prae
795 2849 937 2935 ceteris,
960 2849 1098 2924 nullius
1126 2850 1339 2947 obsequens
1371 2849 1557 2926 arbitrio?

294 2969 397 3065 Quid
412 2993 522 3067 porro
535 2967 594 3041 vel
610 2968 679 3043 hac
694 2967 775 3044 vice
788 2967 867 3043 fieri
879 2968 1076 3066 potuisset,
1093 2985 1134 3043 ut
1156 2968 1336 3044 Ecclesiae
1355 2968 1557 3044 Antistites

293 3085 413 3160 securi
433 3083 504 3158 huc
516 3110 566 3160 ex
584 3103 663 3159 toto
677 3085 771 3159 orbe
787 3101 1033 3173 accurrerent,
1051 3086 1082 3160 si
1101 3111 1149 3160 ex
1169 3103 1224 3160 tot
1242 3103 1280 3161 et
1304 3106 1378 3168 tam
1397 3085 1557 3171 diversis

296 3202 511 3302 regionibus
534 3201 776 3288 confluentes,
801 3202 1010 3300 Principem
1041 3201 1202 3301 aliquem
1229 3203 1470 3289 invenissent,
1498 3203 1556 3278 his

295 3323 370 3396 oris
394 3321 662 3408 dominantem,
692 3322 756 3420 qui
786 3322 845 3397 vel
873 3323 1065 3421 Principes
1101 3324 1266 3421 ipsorum
1292 3324 1327 3396 in
1345 3325 1557 3420 suspicione

296 3441 461 3530 haberet,
492 3441 551 3516 vel
585 3442 664 3530 illis,
698 3461 894 3540 suspectus
927 3444 1017 3541 ipse,
1053 3442 1348 3519 adversaretur?
1374 3444 1453 3518 Sua
1471 3462 1559 3519 sunt

295 3561 433 3637 etenim
452 3578 489 3636 et
504 3559 706 3649 christiano
724 3579 762 3636 et
776 3560 848 3635 civi
867 3559 1000 3650 officim
1015 3561 1115 3635 haud
1137 3562 1289 3663 quidem
1310 3562 1558 3661 repugnantia

173 3718 180 3726 ·
296 3680 392 3770 inter
410 3679 553 3758 se.'sed
585 3678 735 3753 diversa
766 3696 914 3768 tamen;
945 3705 1029 3778 quae
1060 3679 1255 3775 adimpleri
1290 3678 1338 3752 ab
1360 3679 1558 3777 Episcopis

296 3796 486 3894 quomodo
508 3815 672 3892 possent,
699 3797 768 3870 nisi
794 3815 977 3892 perstaret
1007 3797 1140 3872 Romae
1170 3797 1291 3871 civilis
1313 3797 1556 3895 Principatus,

295 3911 415 4010 qualis
438 3930 497 3986 est
518 3912 751 4001 Pontificum,
771 3913 860 4007 iuris
885 3913 994 3987 alieni
1021 3915 1176 3988 omnino
1210 3914 1393 4001 immunis,
1418 3934 1456 3991 et
1475 3942 1559 3991 cen·

297 4051 392 4104 trum
420 4020 700 4127 quodammodo
729 4031 949 4106 universalis
976 4034 1195 4119 concordiae,
1232 4032 1322 4106 nihil
1344 4034 1559 4108 ambitionis

297 4149 469 4222 humanae
488 4149 642 4246 spirans,
660 4149 748 4223 nihil
768 4176 836 4247 pro
855 4169 1002 4224 terrena
1018 4150 1276 4226 dominatione
1295 4152 1453 4226 moliens
1468 4151 1558 4227 ?Ad

296 4267 452 4341 liberum
479 4292 571 4366 ergo
597 4266 985 4369 Pontificem-Regem
1016 4270 1187 4343 venimus
1222 4269 1338 4344 liberi.
1352 4270 1370 4297 ''
1419 4322 1427 4335 .-

351 4402 403 4464 10.
434 4388 582 4461 Revera
602 4388 737 4463 sactum
757 4408 814 4463 est
834 4408 873 4464 ut
895 4415 980 4464 saec.
1000 4388 1098 4463 XlV
1134 4389 1334 4465 Pontifices
1368 4391 1560 4465 Avinione

297 4507 332 4581 in
347 4505 468 4581 Gallia
479 4506 671 4603 degerent,
685 4526 742 4581 ast
755 4526 884 4582 notum
900 4525 967 4594 est,
986 4508 1022 4581 ni
1036 4507 1150 4594 fallor,
1171 4534 1339 4583 summos
1356 4509 1556 4585 Pontifices

737 4649 870 4655 ——..
880 4649 1558 4659 mm*—

333 4717 355 4757 ι.
371 4699 614 4770 PiusVll,Alloc.
633 4707 663 4756 rb
676 4703 761 4757 Mart,
777 4703 853 4758 1808.
