3496 5482
621 655 831 736 CAPUT
862 655 1118 737 NONUM.

245 814 604 902 Lamentahilis
632 814 723 894 iste
751 817 960 893 eventus
988 811 1040 890 in
1068 813 1247 912 primis
1275 816 1499 898 maxime

292 937 414 1019 favit
443 935 646 1011 socialz'smi
682 930 934 1012 erroribus
967 936 1016 1012 et
1062 929 1201 1012 fatali
1237 937 1502 1010 communismo

292 1054 488 1138 aditum
516 1050 727 1151 aperuit,
753 1047 970 1128 scilicet:
1000 1048 1292 1148 inspirando
1320 1053 1499 1133 odium

290 1174 344 1253 in
366 1171 695 1270 Religionem,
716 1169 769 1246 in
798 1167 1174 1266 proprietatem,
1197 1169 1249 1247 in
1278 1172 1499 1252 auctori—

294 1298 449 1375 tatem
477 1309 684 1374 omnem
704 1294 854 1389 atque
873 1287 1158 1370 nutriendo

283 1569 310 1624 l.
329 1563 532 1622 Summum
549 1561 761 1619 discrimen
776 1559 817 1618 ln
834 1574 912 1634 quo
926 1535 1108 1621 versatur
1125 1561 1307 1621 Societas.
1321 1593 1359 1604 —
1372 1563 1408 1622 2.
1424 1563 1501 1622 Ge-

242 1664 384 1722 nuinus
416 1660 571 1719 animus
597 1665 636 1718 et
660 1659 823 1731 spiritus
855 1660 988 1720 vitalis
1019 1659 1232 1718 socialismi
1267 1667 1326 1720 est
1357 1663 1502 1735 triplex

242 1761 387 1820 odium.
419 1789 459 1798 -
495 1756 530 1818 3.
562 1757 733 1815 Eventus
757 1757 1000 1829 spoliationis
1031 1755 1128 1816 iavit
1159 1755 1223 1813 odi)
1257 1757 1289 1814 in
1324 1756 1501 1832 Religionem
1613 1798 1618 1807 .

239 1857 339 1916 divam
354 1855 493 1914 Ecclesia.
509 1888 551 1898 -
565 1855 604 1914 4.
633 1855 661 1912 F
664 1855 745 1914 avil
768 1852 832 1910 odio
855 1853 887 1911 in
903 1854 982 1929 jura
1000 1853 1199 1929 proprietatis.
1228 1886 1269 1896 —
1295 1859 1503 1916 Testanlur

243 1957 317 2016 hoc
341 1955 417 2016 viri
448 1955 627 2029 periti-
644 1951 679 2012 6.
706 1953 814 2027 Saepe
844 1954 986 2023 saepius
1014 1953 1217 2012 admonuit
1248 1953 1438 2013 Pontifex.
1463 1985 1504 1994 —

244 2054 428 2114 7.Ultima
444 2052 602 2111 monita.
618 2084 658 2092 -
671 2051 706 2110 8.
725 2051 948 2109 Dominium
967 2053 1001 2109 S.
1021 2051 1130 2110 Sedis
1145 2057 1202 2111 est
1218 2051 1501 2124 patrimonium

243 2157 281 2210 et
297 2152 433 2224 neqult
446 2149 587 2210 violari
603 2150 698 2222 quin
726 2155 812 2208 ruat
827 2148 894 2219 jus
921 2149 1184 2222 proprietatis.
1200 2181 1240 2190 —
1255 2147 1290 2208 9.
1313 2150 1422 2208 Favit
1437 2147 1502 2204 odel>

242 2249 274 2306 in
298 2247 505 2304 auctoritatem.
528 2275 567 2287 -
591 2245 646 2306 10.
675 2246 802 2320 Hujus
829 2247 1075 2305 immediatas
1101 2253 1140 2306 et
1162 2249 1295 2308 tristes
1320 2248 1501 2319 sequelas

238 2348 321 2421 lam
347 2346 598 2420 experimur:
636 2345 805 2415 agitatur
843 2345 1008 2404 societas
1050 2348 1200 2418 magnis
1236 2345 1423 2404 febribus.
1463 2377 1504 2387 -

246 2447 293 2504 ll.
312 2441 524 2503 Extollltur
539 2448 577 2501 et
592 2442 631 2499 in
648 2444 801 2516 praxim
816 2441 1270 2516 deduciturprincipium
1283 2443 1500 2515 pessimum

244 2541 537 2602 nationalitatis.
552 2573 593 2582 —
609 2540 664 2599 12.
680 2539 893 2600 Conclusio
908 2545 944 2598 et
961 2541 1080 2600 verba
1099 2539 1318 2599 pontilicis:
1338 2541 1378 2596 in
1395 2539 1501 2599 diem

246 2645 422 2700 crescent
437 2640 540 2698 mala
556 2637 630 2696 nisi
646 2639 881 2697 restauratio
898 2637 974 2698 ilat.

299 2912 326 2970 1.
357 2909 377 2936 “
399 2895 484 2971 Nisi
506 2898 611 2970 Deus
641 2897 778 2971 auxilio
798 2897 861 2971 fiat
890 2899 976 2984 suis,
1003 2899 1171 2973 imminet
1201 2899 1308 2972 nobis
1337 2899 1504 2976 turbatio

247 3015 345 3088 haud
373 3014 551 3088 absimilis
580 3016 664 3089 huic
696 3041 809 3113 quarn
833 3015 1035 3112 Imperium
1071 3018 1284 3090 Romanum
1305 3035 1522 3115 expertum¹

247 3153 305 3208 est
322 3132 458 3206 sacculo
477 3134 587 3208 tertio
605 3153 767 3207 exeunte
785 3159 792 3208 :
812 3134 1015 3209 destructio
1034 3134 1216 3208 bonorum
1237 3136 1334 3223 vitae,
1355 3136 1505 3211 liberta-

248 3253 295 3325 tis
314 3277 423 3337 verae‚
444 3250 630 3325 civilitatis
649 3277 691 3325 ac
712 3253 960 3326 scientiarum.
983 3253 1000 3277 ”

303 3370 360 3442 lta
379 3368 522 3443 locutus
540 3388 597 3444 est
615 3395 715 3443 anno
739 3374 833 3463 1830
847 3371 1021 3469 egregius
1043 3369 1226 3455 Niebuhr,
1249 3372 1305 3444 vir
1323 3372 1506 3470 diploma·

250 3489 342 3561 ticus
362 3488 512 3560 maximi
533 3488 683 3587 ingenii,
718 3512 800 3561 curn
821 3489 971 3562 intimus
991 3489 1096 3586 regni
1132 3490 1317 3563 Borussiae
1337 3489 1507 3564 consilia·

251 3607 324 3679 rius
346 3600 506 3679 Romam
538 3607 682 3693 missus,
716 3604 805 3678 nihil
826 3632 899 3679 non
929 3608 1097 3693 tentavit,
1120 3628 1160 3681 ut
1192 3608 1400 3704 perniciosa
1422 3609 1509 3706 jura

250 3742 369 3797 status
388 3723 424 3796 in
456 3722 664 3797 Ecclesiam
691 3724 932 3823 restringeret
951 3750 1109 3821 eamque
1138 3725 1383 3801 saluberrimo
1402 3727 1509 3823 operi

252 3840 377 3914 sociali
394 3842 622 3937 manciparet
642 3840 655 3940 (
672 3841 696 3941 ).

304 3958 456 4052 Quanta
487 3958 595 4034 luerit
626 3961 803 4066 deinceps
822 3960 859 4032 in
888 3961 1069 4035 societate
1098 3960 1240 4035 eluvies
1273 3988 1439 4036 errorum
1473 3982 1512 4036 et

254 4076 433 4149 malorum
453 4096 510 4150 sat
528 4096 769 4176 perspectum
799 4077 996 4152 habuimus
1014 4105 1061 4152 ex
1080 4099 1220 4153 eventu
1240 4106 1352 4177 quem
1372 4080 1511 4154 lamen·

254 4213 352 4267 tatus
370 4214 427 4268 est
449 4196 536 4269 Pius
559 4197 618 4270 IX
637 4215 674 4270 et
694 4222 762 4270 nos
774 4197 941 4292 quotidie
960 4195 1218 4271 lamentamur.

304 4314 377 4385 Ast
408 4313 504 4386 inter
535 4333 590 4388 tot
627 4333 806 4410 tantaque
837 4313 933 4387 mala
970 4314 1130 4402 socialia,
1163 4317 1211 4389 ab
1240 4318 1310 4391 hoc
1346 4317 1513 4390 facinore

254 4431 387 4503 oborta
417 4450 529 4528 atque
549 4450 627 4505 rata
664 4432 799 4519 habita,
821 4433 962 4506 eminet
994 4452 1251 4508 monstruosus
1269 4461 1373 4509 error
1393 4434 1513 4508 socia·

255 4575 259 4582 >
275 4578 315 4583 -—
725 4579 803 4585 ——

294 4650 316 4689 1.
337 4637 570 4709 Hergenroether,
583 4643 661 4696 Hist.
673 4642 705 4695 de
718 4625 847 4709 ἰἙςΙιζςε,
862 4643 932 4695 trad.
945 4642 1033 4707 Beier,
1047 4642 1115 4706 Vll,
1129 4661 1154 4712 p.
1169 4657 1230 4712 312,
1243 4646 1327 4713 VIII,
1342 4663 1367 4714 p.
1383 4658 1441 4712 30¹·
