3496 5482
188 522 545 535 ψ

631 590 753 641 cneus
781 590 1002 643 SECUNDUM.
1404 590 1448 662 27

185 775 339 831 seretur.
375 756 494 854 Igitur
521 781 679 853 persona
706 774 816 829 aucta
838 756 1053 853 Principatu
1083 756 1286 853 pontificali
1323 758 1449 859 hujus·

186 874 297 961 modi,
314 894 370 948 est
391 875 565 947 immunis
584 900 605 948 a
619 873 881 972 jurisdictione
896 872 1048 961 alterius
1065 875 1262 970 potestatis
1278 892 1437 951 terrenae

240 992 365 1092 Major
394 1018 477 1066 cum
507 1009 643 1089 pateat,
681 991 859 1089 probatur
886 993 1017 1067 minor.
1050 991 1208 1088 Propter
1236 995 1446 1091 positivam,

185 1108 271 1185 licet
296 1109 526 1195 indirectam,
547 1109 819 1209 subjectionem
849 1110 1050 1206 potestatis
1068 1109 1187 1184 civilis
1207 1112 1255 1185 ad
1284 1130 1448 1209 potesta·

187 1250 262 1305 tem
285 1231 479 1318 Primatus,
497 1234 559 1331 jus
578 1230 691 1305 habet
715 1232 909 1304 Romanus
931 1230 1106 1304 Pontifex
1126 1251 1205 1305 tum
1225 1231 1447 1329 prohibendi

189 1350 422 1447 Principibus
441 1350 680 1425 saecularibus
698 1374 944 1448 quaecumque
975 1350 1086 1423 noxia
1110 1350 1232 1425 sorent
1255 1350 1445 1439 Ecclesiae,

185 1487 264 1544 tum
293 1472 531 1568 praecipiendi
559 1496 806 1569 quaecumque
834 1470 1044 1543 necessaria
1071 1469 1130 1544 vel
1160 1470 1322 1546 maxime
1345 1470 1448 1545 utilia

187 1591 256 1688 ipsi
275 1610 489 1680 exstarent;
519 1612 644 1690 potest
675 1593 774 1666 enim
802 1590 952 1666 solvere
979 1607 1017 1664 et
1044 1588 1159 1688 ligare
1190 1590 1371 1688 quidquid
1399 1590 1447 1664 ad

187 1709 369 1783 Ecclesiae
398 1710 538 1785 bonum
571 1711 740 1809 regimen
772 1727 809 1784 et
828 1707 1041 1782 christianae
1073 1706 1286 1803 reipublicae
1305 1725 1445 1784 rectam

186 1827 459 1904 ordinationem
488 1830 673 1903 conducit.

238 1945 289 2019 Et
313 1946 396 2044 quis
422 1973 495 2021 non
517 1949 619 2022 videt
638 1946 819 2044 prodesse
841 1945 1023 2020 Ecclesiae
1055 1964 1092 2019 et
1112 1944 1274 2019 maxime
1293 1945 1445 2042 quidem

185 2064 364 2160 expedire
391 2066 470 2163 ipsi,
492 2085 532 2141 ut
560 2092 635 2141 non
654 2084 873 2141 exerceatur
891 2065 1022 2166 legalis
1042 2066 1099 2139 vis
1124 2067 1293 2139 coactiva
1312 2065 1348 2138 in
1371 2066 1445 2138 Ro·

186 2204 337 2254 manum
360 2182 579 2257 Pontificem
600 2183 704 2258 ulla?
726 2183 903 2259 Etenim:

242 2310 275 2372 1⁰
292 2300 381 2374 Non
398 2327 596 2397 possumus
615 2302 705 2401 quin
724 2300 856 2375 saltem
871 2327 1113 2397 summopere
1131 2300 1313 2374 dedecere
1333 2299 1446 2374 latea-

185 2443 266 2491 mur
280 2437 321 2492 ut
340 2447 374 2492 v.
394 2445 428 2518 g.
451 2420 622 2493 Vicarius
642 2419 794 2504 Christi,
810 2420 1000 2516 totiusque
1014 2418 1115 2492 orbis
1134 2415 1305 2492 catholici
1322 2417 1442 2501 Pater,

182 2537 403 2612 auctoritate
443 2539 538 2636 juris
583 2537 703 2611 civilis
739 2538 775 2610 in
817 2562 1003 2611 carcerem
1048 2537 1286 2623 detrudatur,
1326 2533 1445 2609 omni·

184 2656 367 2755 genisque
386 2657 507 2756 poenis
535 2657 757 2743 mulctetur;

237 2786 273 2846 2⁰
295 2775 524 2875 Hujusmodi
560 2774 817 2873 dependentia
866 2774 1030 2848 maxime
1063 2773 1229 2847 officeret
1256 2771 1443 2847 existima·

185 2893 286 2980 doni,
303 2920 377 2991 qua
396 2894 536 2969 Christi
557 2893 730 2967 Vicarius
750 2917 867 2989 penes
885 2917 1017 2966 omnes
1036 2891 1201 2989 gaudere
1216 2890 1349 2976 debet;

235 3023 271 3106 3⁰
290 3012 387 3107 Quae
405 3013 588 3112 subjectio
601 3011 737 3084 idcirco
752 3010 1001 3085 vehementer
1013 3028 1164 3083 noceret
1177 3026 1279 3083 recto
1290 3034 1332 3082 ac
1345 3025 1442 3081 tran-

182 3130 297 3226 quillo
317 3131 487 3230 regimini
516 3129 706 3204 Ecclesiae.

235 3250 518 3348 “Quapropter
555 3248 640 3324 licet
686 3269 828 3323 naturae
866 3249 940 3346 jus,
969 3248 1163 3345 supposita
1208 3247 1442 3321 institutione

184 3368 379 3455 Primatus
397 3369 434 3442 id
465 3367 636 3442 absolute
660 3385 698 3441 et
727 3367 918 3463 primitivo
940 3386 1129 3463 praecepto
1159 3390 1234 3439 non
1267 3382 1382 3450 vetet,
1404 3385 1442 3438 at

180 3505 281 3560 certe
310 3485 437 3560 habita
449 3486 592 3561 ratione
607 3486 811 3586 dignitatis
832 3484 1055 3558 secundario
1076 3502 1265 3581 praecepto
1285 3482 1372 3556 illud
1401 3501 1441 3556 ut

180 3605 346 3703 graviter
364 3605 632 3680 inconveniens
650 3603 862 3701 persuadet.

234 3733 254 3761 “
267 3722 335 3820 Jus
350 3722 475 3821 itaque
487 3722 601 3797 habet
618 3720 802 3807 Pontifex,
812 3720 956 3794 ratione
984 3719 1221 3793 auctoritatis
1236 3744 1313 3793 suae
1331 3743 1439 3815 supe·

182 3840 296 3927 rioris,
317 3867 402 3938 quae
426 3859 483 3914 est
504 3840 692 3940 fastigium
712 3839 906 3923 Primatus‚
922 3837 1150 3933 impediendi
1164 3861 1439 3933 quamcumque

181 3958 257 4030 vim
272 3957 429 4057 legalem
449 3959 655 4032 coactivam
673 3982 764 4054 erga
782 3982 824 4029 se
839 3956 970 4052 ipsum,
992 3975 1105 4053 atque
1119 3953 1291 4028 solvendi
1310 3978 1438 4050 quam-

180 4075 271 4150 libet
285 4075 408 4176 legem
429 4076 465 4148 in
484 4101 525 4149 se
544 4076 666 4172 ipsum
686 4075 734 4147 ab
753 4074 826 4147 alio
846 4072 959 4147 latam
979 4071 1024 4172 (¹)
1042 4073 1070 4147 ”.

233 4194 347 4289 Quod
358 4194 511 4291 egregie
526 4192 766 4267 confirmatur
785 4217 831 4265 ex
852 4191 1021 4264 doctrina
1035 4188 1195 4264 Concilii
1212 4188 1437 4262 Tridentini.

179 4312 360 4387 Testatur
377 4312 477 4386 enim
497 4311 535 4386 S.
559 4310 737 4408 Synodus
750 4332 993 4406 personarum
1017 4306 1351 4382 ecclesiasticarum
1372 4306 1437 4379 im-

181 4432 400 4505 munitatem
419 4431 661 4506 constitutam
677 4456 761 4504 esse
783 4440 802 4468 ‘⁴
823 4429 950 4503 divina
969 4427 1205 4503 ordinatione
1225 4425 1270 4527 (²)
1284 4427 1313 4499 ''.
1335 4427 1438 4502 lntet

218 4672 239 4711 1.
254 4655 396 4723 Palmieri‚
411 4656 462 4726 Op.
471 4657 526 4723 cit,
536 4656 607 4710 thes.
620 4656 726 4709 XXIV.
747 4685 776 4692 -
790 4654 902 4722 Suarez,
917 4654 1048 4724 Defensio
1053 4653 1128 4722 fidei
1135 4652 1218 4719 calla,
1231 4652 1278 4707 lib.
1292 4652 1340 4720 lV,
1354 4668 1377 4706 c.
1396 4664 1436 4705 ιν.

216 4752 240 4792 2.
251 4738 327 4792 Sess.
339 4736 430 4804 XXV,
441 4736 485 4789 De
498 4735 630 4806 Reform„
641 4752 665 4790 c.
680 4750 722 4790 20.
