3496 5482
251 494 322 568 374
657 494 750 542 rava
778 493 837 542 sir
866 493 939 542 unx
970 493 1096 543 noum

256 603 513 610 ——-.-.--..—-—-
522 601 729 608 --.—-.-—.-
739 603 744 606 .
777 602 865 607 .----.

250 656 367 732 luisse
386 660 627 733 constitutum
648 683 689 731 ac
709 657 940 754 perdurasse.
960 674 1000 731 ut
1019 655 1116 730 aliud
1137 655 1365 730 inhumanis
1393 657 1508 732 rebus

252 776 371 850 maius
391 776 449 851 vel
468 777 623 873 aequale
642 801 753 850 nemo
771 775 990 872 praetendat
1009 771 1064 873 (¹).
1085 774 1101 800 ”

304 912 356 972 12.
386 897 462 971 Sed
484 896 608 970 Deum
628 921 735 970 orare
754 920 828 969 non
848 896 969 968 minus
988 910 1149 993 praestat.

306 1013 468 1100 Etenim,
491 1015 585 1089 sicut
615 1014 882 1091 Patrimonium
906 1014 946 1088 B.
971 1014 1008 1086 P.
1032 1013 1068 1086 in
1088 1039 1154 1086 sua
1180 1013 1445 1089 constitutione
1463 1039 1507 1087 ac

255 1133 540 1208 conservatione
568 1158 635 1231 per
662 1131 797 1206 saecula
827 1157 903 1228 prae
934 1156 974 1206 se
1004 1130 1074 1206 sert
1103 1129 1255 1205 indubia
1285 1131 1509 1229 Singularis

251 1249 507 1325 Providentia
524 1251 683 1336 indicia;
715 1252 765 1323 ita
783 1269 821 1324 et
852 1249 886 1323 in
907 1249 1177 1324 restauratione
1194 1275 1254 1323 res
1285 1249 1364 1324 erit.
1398 1249 1507 1324 Deus

249 1369 384 1465 estqui
403 1387 578 1466 operatur
590 1367 771 1443 mirabilia
782 1394 849 1442 sua
868 1392 1003 1467 magna
1018 1366 1119 1441 solus
1134 1396 1141 1453 ;
1165 1366 1324 1465 ideoque
1341 1367 1506 1458 orandus

248 1507 319 1575 est,
341 1509 381 1565 ut
399 1510 437 1567 et
458 1491 545 1589 lpse
563 1491 667 1589 operi
697 1516 846 1565 manum
866 1506 1057 1588 potentem
1085 1487 1334 1576 admovendo,
1356 1506 1506 1565 nostros

250 1606 397 1686 labores
415 1613 463 1686 ad
481 1612 620 1687 bonum
639 1613 781 1687 exitum
800 1611 987 1709 perducat.

302 1729 404 1824 Quid
424 1749 481 1804 est
499 1730 598 1805 enim
618 1731 728 1829 quod,
751 1748 921 1805 vertente
938 1727 1075 1803 saeculo
1094 1745 1232 1813 nostro,
1249 1746 1305 1803 tot
1324 1747 1505 1804 restaura·

250 1849 372 1925 tiones
391 1868 578 1949 exoptatae
609 1869 721 1951 atque
741 1852 933 1936 inchoatae,
955 1851 992 1925 in
1011 1875 1157 1924 cassum
1189 1875 1308 1925 versae
1326 1849 1410 1936 sint.
1434 1849 1506 1924 nisi

250 1971 351 2066 quod
372 1996 446 2046 non
461 1971 718 2069 omnipotente
736 1971 895 2047 Brachio
916 1971 989 2045 Dei
1008 1968 1178 2056 suffultae,
1199 1970 1266 2043 sed
1285 1968 1505 2067 plerumque

251 2091 362 2167 meris
380 2091 575 2166 conatibus
593 2093 793 2169 activitatis
812 2092 984 2167 humanae
1004 2089 1139 2163 innixae
1158 2088 1325 2163 suerint?

302 2210 413 2308 Saepe
432 2236 500 2308 pro
519 2212 788 2287 restauratione
801 2211 842 2286 S.
863 2209 974 2285 Sedis
987 2226 1025 2282 et
1040 2208 1076 2281 in
1096 2207 1225 2305 primis
1236 2232 1304 2306 pro
1319 2204 1506 2280 solutione
1590 2238 1592 2243 ’

252 2328 470 2424 quaestionis
488 2328 635 2403 socialis
654 2348 691 2405 et
710 2330 859 2405 interitu
878 2327 989 2427 hujus
1007 2323 1159 2400 haeresis
1182 2324 1364 2422 practicae,
1389 2323 1507 2399 socia-

248 2445 355 2532 lismi,
377 2445 481 2521 multi
504 2445 661 2522 multum
680 2447 859 2532 laborant,
880 2445 986 2544 pauci
1001 2469 1090 2518 vero
1110 2441 1265 2516 multum
1284 2458 1391 2516 orant
1408 2467 1416 2529 ;
1436 2467 1507 2516 nec

251 2581 378 2638 tamen
398 2563 519 2638 minus
538 2565 706 2640 oratione
718 2590 830 2663 quam
849 2587 963 2661 opere
980 2586 1076 2658 opus
1094 2577 1161 2635 est.

299 2681 451 2757 Etenim
471 2709 558 2782 spes
590 2703 714 2759 nostra
735 2684 771 2758 in
803 2683 890 2756 Deo
908 2698 975 2767 est,
995 2705 1107 2778 quam
1139 2676 1377 2752 christianam
1396 2701 1504 2774 spem

246 2798 434 2898 erigamus
453 2827 607 2876 necesse
621 2820 688 2876 est.
705 2798 968 2875 Recordemini
982 2815 1074 2895 quot
1092 2795 1280 2871 orationes
1299 2796 1454 2893 privatae
1465 2812 1505 2869 et

247 2919 403 3016 publicae
421 2922 548 2996 ellusae
568 2921 702 2997 luerint
721 2949 728 3008 ;
746 2940 837 3018 quot
856 2919 1114 3017 processiones
1127 2935 1164 2992 et
1184 2915 1504 3017 peregrinationes

246 3037 319 3134 piae
350 3038 529 3114 institutae
556 3040 694 3137 ubique
725 3040 772 3114 ad
802 3038 1010 3113 sanctuaria
1050 3037 1184 3110 Patriae
1218 3053 1381 3122 nostrae;
1411 3052 1505 3132 quot

245 3159 528 3234 communiones
546 3160 740 3260 generales
759 3160 895 3234 oblatae
913 3178 950 3234 et
969 3160 1030 3256 pia
1056 3183 1172 3254 opera
1190 3174 1344 3253 patrata,
1367 3156 1504 3230 abhinc

246 3277 353 3351 annis
383 3278 515 3377 viginti
547 3280 713 3377 quinque
743 3279 847 3353 initio
876 3276 1104 3375 captivitatis
1141 3275 1196 3350 Pii
1233 3275 1357 3350 le...
1384 3275 1503 3349 Num·

245 3395 335 3491 quid
355 3395 449 3470 sorte
464 3397 596 3495 jugum
618 3398 737 3496 magis
749 3395 951 3480 tolerabile,
974 3413 1172 3493 postquam
1188 3394 1354 3491 pondere
1368 3393 1503 3493 viginti

244 3513 408 3610 quinque
421 3540 602 3589 annorum
615 3516 792 3590 continuo
804 3534 862 3591 est
880 3530 1126 3614 aggravatum
1137 3512 1152 3588 ?
1164 3511 1239 3587 Sed
1250 3522 1270 3551 “
1282 3512 1330 3586 ab
1344 3512 1502 3587 assuetis

246 3656 319 3705 non
336 3633 415 3731 jam
442 3633 482 3709 fit
501 3636 648 3731 passio!
668 3636 685 3663 ”
705 3654 742 3709 et
762 3636 813 3710 ita
837 3633 1121 3733 frigescentibus
1143 3657 1295 3731 quoque
1318 3630 1499 3720 fidelibus.

244 3747 423 3825 oblivioni
444 3754 638 3828 traduntur
658 3752 830 3851 lacrymae
849 3771 886 3828 et
904 3753 1062 3849 suspiria
1081 3751 1205 3849 patris.

297 3882 347 3943 13.
376 3870 571 3945 Orandum
591 3891 649 3946 est
668 3890 707 3945 ut
734 3890 924 3947 avertatur
941 3871 1105 3945 vindicta
1126 3868 1200 3942 Dei
1227 3895 1311 3965 quae
1331 3870 1499 3945 societati

244 3985 446 4083 impendet.
462 4034 512 4045 —
531 3990 671 4064 “Dum
691 3991 818 4065 divina
831 3990 985 4088 justitia,
1000 3989 1051 4064 ait
1068 3989 1156 4063 Pius
1174 3985 1242 4071 IX,
1265 3987 1408 4062 Orbem
1428 4006 1499 4063 ter·

242 4128 364 4178 rarum
394 4107 666 4202 perambulans,
698 4109 734 4183 in
768 4109 891 4185 surore
923 4108 985 4182 irae
1018 4132 1094 4181 suae
1127 4105 1297 4180 nationes
1325 4107 1496 4192 conterit,

240 4219 411 4297 fidelibus
434 4250 508 4298 non
537 4245 737 4323 supersunt
763 4227 831 4301 nisi
857 4251 995 4323 preces,
1016 4224 1151 4324 quibus
1171 4223 1233 4296 irae
1251 4221 1427 4322 gladium,
1457 4242 1498 4299 ut

241 4339 362 4413 minus
377 4340 480 4428 serat,
503 4344 539 4416 in
558 4370 670 4418 manu
692 4345 765 4418 Dei
784 4345 1033 4442 detorqueant
1053 4340 1107 4439 (²).
1129 4341 1145 4366 '⁹

277 4596 299 4635 1.
319 4583 407 4639 Alloc.
424 4600 454 4637 22
471 4587 553 4640 Febr.
571 4588 644 4654 1879.

276 4676 299 4717 2.
322 4662 416 4718 Litter.
431 4679 465 4732 ²9
479 4666 551 4719 Nov.
570 4667 644 4724 1870.
