3496 5482
1006 457 1505 474 ...--——-—-.—-.—.—--,-

651 482 743 573 enan
771 524 830 575 sir
858 524 933 572 nex
963 523 1090 574 noun.
1347 521 1349 525 ⁴
1431 519 1503 591 217

241 685 385 759 ineam
415 685 567 759 tandem
598 684 851 760 conditionem
884 683 1170 780 libertatemque
1201 683 1409 768 restituant,
1430 707 1505 780 qua

241 803 523 879 saluberrimam
537 805 612 878 vim
629 797 733 877 suam
750 805 786 877 in
806 803 919 879 totius
935 803 1120 877 humanae
1135 803 1324 878 societatis
1339 827 1504 877 commo·
1568 902 1571 908 ¹

241 923 329 996 dum
350 923 469 1019 possit
487 947 663 997 exercere
681 920 761 1022 (¹).'
843 989 846 994 .
1411 1012 1413 1017 ⁴

295 1041 390 1114 Haec
410 1067 485 1115 vox
504 1038 633 1114 salutis
658 1057 746 1114 tunc
774 1039 953 1137 temporis
980 1040 1027 1114 ad
1055 1038 1178 1135 plures
1198 1064 1305 1113 aures
1326 1064 1501 1114 resonare

242 1160 364 1257 coepit,
385 1184 469 1257 quae
488 1176 598 1232 antea
624 1157 818 1232 obduratae
845 1175 1139 1255 permanserunt,
1161 1177 1198 1232 et
1219 1156 1384 1231 nonnulli
1405 1157 1506 1255 prin-s
1560 1188 1562 1193 ¹

153 1269 155 1274 ’
242 1277 353 1374 cipes,
374 1278 437 1375 qui
456 1276 558 1374 prius
577 1269 603 1349 a'
621 1277 795 1372 Romano
816 1275 997 1350 Pontifice'
1015 1273 1180 1374 elongati
1199 1275 1433 1363 videbantur,
1455 1276 1503 1349 ad

241 1422 327 1471 eum
339 1397 638 1495 appropinquare
653 1414 740 1470 sunt
755 1397 824 1470 visi
841 1414 880 1470 ut
892 1394 998 1470 malis
1017 1395 1216 1471 socialibus
1230 1395 1368 1494 aliquid
1387 1422 1504 1471 reme·

242 1514 292 1588 dii
307 1515 495 1588 communi
514 1532 649 1588 conatu
669 1514 854 1588 afferrent.

292 1628 364 1706 Ast
380 1650 611 1729 quantopere
631 1657 757 1706 secum
777 1632 929 1705 dissona
940 1650 1021 1706 stat
1040 1632 1203 1706 humana
1218 1632 1313 1707 ratio
1325 1633 1384 1707 hic
1398 1631 1504 1708 lacile

242 1768 299 1823 est
319 1748 422 1822 visu:
442 1749 527 1823 licet
546 1748 645 1823 enim
665 1750 852 1846 principes
871 1741 1152 1823 saluberrimam
1169 1750 1244 1823 vim
1268 1748 1447 1823 Ecclesiae
1467 1749 1502 1822 in

242 1866 479 1940 commodum
501 1861 625 1940 totius
641 1867 815 1940 humanae
844 1866 1034 1941 societatis
1052 1885 1311 1964 agnoscerent,
1340 1868 1503 1947 medium

245 2001 369 2058 tamen
388 1984 478 2080 ipsis
504 2010 526 2056 a
559 1983 740 2059 Pontifice
767 1983 1011 2082 assignatum,
1032 2009 1106 2081 quo
1125 2011 1170 2059 ea
1188 1986 1226 2058 vi
1245 1984 1503 2059 efficacissime

245 2101 643 2200 fruerentur,amplecti
662 2121 928 2177 recusaverunt
947 2119 986 2176 et
1003 2102 1182 2177 hactenus
1200 2101 1408 2178 Ecclesiam
1429 2128 1503 2176 non

246 2222 484 2298 restituerunt
513 2225 549 2297 in
573 2224 824 2298 conditionem
853 2222 1139 2319 libertatemque
1158 2223 1207 2296 ad
1225 2216 1366 2297 bonum
1387 2247 1503 2321 popu·

224 2338 363 2414 'lorum
385 2344 611 2440 requisitam.
1506 2350 1507 2356 ¹

298 2457 430 2532 Manet
468 2461 628 2534 servitus
667 2459 897 2545 Pontificem,
936 2478 1111 2533 maneant
1146 2478 1184 2534 et
1216 2459 1435 2557 inquietudo
1466 2475 1505 2533 et
1560 2531 1562 2535 ,

245 2600 431 2649 summum
452 2576 653 2674 periculum
673 2578 872 2652 societates
885 2575 1035 2651 civiles!

294 2713 329 2774 2.
350 2693 479 2767 Status
497 2695 650 2769 actualis
670 2695 820 2769 Sanctae
845 2693 956 2768 Sedis
975 2712 1032 2768 est
1052 2693 1161 2792 plane
1178 2695 1358 2770 Ecclesiae
1373 2694 1503 2770 intole-

246 2811 392 2896 rabilis,
412 2829 450 2885 et
479 2814 619 2888 cunctis
646 2812 858 2887 christianis
879 2837 990 2886 causa
1020 2813 1286 2908 inquietudinis
1314 2838 1381 2887 nec
1408 2812 1503 2887 ullus

245 2929 371 3003 modus
387 2930 539 3004 vivendi
564 2930 746 3005 introduci
774 2928 950 3027 possibile
976 2949 1042 3004 est.
1064 2929 1140 3024 Qui
1160 2950 1294 3027 praeest
1325 2931 1504 3006 Ecclesiae

245 3065 393 3143 oportet
412 3048 459 3121 sit
477 3067 540 3123 aut
558 3050 730 3145 princeps
750 3047 965 3144 temporalis
980 3066 1017 3122 et
1032 3048 1172 3122 fruatur
1187 3049 1362 3146 perlectae
1375 3050 1505 3123 immu-

247 3166 372 3240 nitatis
392 3194 469 3254 usu,
489 3170 583 3242 sicut
602 3170 779 3265 competit
811 3169 989 3242 Primatui
1014 3170 1105 3266 ejus,
1136 3186 1200 3242 aut
1219 3189 1429 3244 monstrose
1458 3170 1506 3244 de
1552 3170 1553 3174 ’

245 3283 343 3358 lacto
370 3287 585 3383 subjiciatur
603 3287 734 3360 ditioni
754 3306 791 3359 et
812 3287 915 3360 nutui
935 3287 1112 3384 principis
1130 3286 1270 3376 ci.vilis;
1296 3289 1432 3386 positio
1453 3289 1505 3362 in·
1571 3337 1574 3340 -

246 3406 425 3479 termedia
441 3432 508 3480 nec
526 3407 635 3481 datur
653 3434 721 3482 nec
739 3408 818 3481 dari
839 3425 966 3505 posset
981 3406 1065 3482 ulla.

299 3522 437 3597 Utrum
455 3550 547 3598 vero
571 3519 625 3598 ad
647 3552 784 3600 munus
801 3526 972 3599 divinum
999 3526 1202 3601 obeundum
1221 3525 1419 3602 sufficienti
1440 3528 1505 3601 im-

247 3641 438 3716 munitatis
469 3643 646 3717 exercitio
678 3644 841 3743 gaudeat
872 3669 999 3730 necne,
1022 3643 1300 3740 ipseSummus
1332 3644 1505 3720 Pontifex

241 3757 360 3854 judex
373 3785 568 3857 supremus
584 3780 640 3835 est
660 3762 696 3833 in
712 3760 781 3835 hac
801 3779 927 3835 nostra
941 3786 1061 3846 causa,
1071 3762 1210 3859 quippe
1224 3788 1309 3860 quae
1324 3781 1381 3837 est
1395 3788 1506 3837 causa

247 3875 360 3949 totius
378 3877 677 3977 Ecclesiae,cujus
696 3879 776 3975 ipse
794 3878 940 3953 visibile
955 3898 1114 3976 caputet
1134 3891 1176 3953 os
1195 3881 1338 3955 vivens.
1351 3880 1445 3954 lnde
1459 3907 1507 3954 ex

246 4018 310 4067 ore
328 3995 409 4091 ejus
428 3996 556 4069 audire
576 4017 633 4070 est
643 3997 833 4094 judicium,
857 4014 897 4070 ut
914 3997 1044 4082 dicam,
1068 3997 1182 4093 ipsius
1202 3997 1353 4072 Christi.

299 4111 426 4206 “Quis
446 4115 638 4187 serendum
657 4133 774 4211 putet,
792 4141 850 4190 res
868 4116 1064 4215 permagni
1084 4116 1273 4213 momenti,
1297 4141 1381 4191 cum
1400 4135 1505 4214 pote·

246 4248 342 4305 state
364 4232 553 4307 Pontificis
576 4234 744 4320 Maximi,
767 4262 850 4309 cum
882 4237 962 4333 ipsa
982 4233 1192 4331 Apostolici
1213 4236 1377 4309 muneris
1395 4236 1506 4311 liber·

247 4367 323 4423 tate
335 4350 538 4447 copulatas,
558 4352 734 4426 audacter
752 4353 800 4427 ad
819 4378 927 4427 suum
940 4352 1106 4427 revocari
1121 4352 1323 4440 arbitrium,
1343 4352 1505 4450 publice·

248 4495 320 4565 que
356 4470 547 4544 diiudicari
583 4471 630 4544 ab
666 4471 818 4545 homine
850 4472 1001 4568 quidem
1037 4471 1195 4566 privat0,
1242 4470 1341 4543 nulla
1385 4473 1431 4547 ad
1468 4475 1504 4548 id

288 4683 309 4722 1.
324 4670 440 4739 Encycl.
455 4671 488 4724 28
504 4673 574 4726 Dec.
592 4672 666 4739 1878.

1310 4615 1329 4619 .-
1346 4614 1399 4621 -ψ-
1405 4616 1479 4625 ,.,,.,,.
1486 4619 1501 4625 ,
