3496 5482
538 540 660 591 CAPUT
687 540 868 590 DECIMUM
895 539 1080 591 TERTIUM.
1367 540 1435 609 291

181 708 292 781 inane
310 707 359 779 sit
384 706 454 779 hoc
474 704 755 778 fundamentum
788 704 978 778 societatis
1009 728 1121 778 nemo
1140 703 1176 776 in
1196 729 1362 800 praesens
1380 720 1439 777 est

181 826 244 922 qui
273 848 346 898 non
367 823 503 898 videat.
526 822 628 918 Quid
647 822 735 897 boni
755 840 879 920 potest
898 822 978 896 haec
997 822 1209 897 humanitas
1227 821 1286 896 cui
1304 822 1438 896 adver·

181 941 267 1017 sarii
279 942 496 1016 societatem
510 959 768 1038 superstruere
786 940 1043 1016 contendunt?
1064 940 1201 1035 “Quid
1216 939 1316 1014 enim
1329 957 1439 1014 vetus

182 1060 306 1146 homo,
328 1059 447 1159 inquit
475 1059 514 1134 S.
537 1059 744 1158 Gregorius
763 1055 817 1158 (¹),
852 1058 941 1156 quid
961 1057 1117 1133 carnalis
1137 1057 1250 1133 homo
1270 1075 1438 1144 noverat,

183 1177 252 1251 nisi
281 1202 348 1251 sua
377 1178 549 1263 retinere,
577 1175 698 1251 aliena
717 1202 858 1274 rapere,
891 1176 921 1249 si
941 1195 1078 1272 posset,
1112 1175 1386 1272 concupiscere,
1407 1175 1438 1249 si
1522 1239 1526 1244 ,

184 1321 258 1370 non
279 1293 435 1393 posset?
454 1294 471 1322 '⁸
503 1294 616 1389 Quod
643 1294 674 1367 si
704 1293 829 1391 itaque
843 1295 928 1392 jure
947 1293 1189 1368 humanitatis
1212 1292 1436 1392 hujusmodi,

178 1414 264 1513 jure
281 1413 465 1510 spoliandi
481 1432 635 1500 ceteros,
650 1412 828 1510 deinceps
844 1413 1020 1513 regendae
1032 1429 1141 1487 erunt
1155 1428 1299 1511 gentes,
1314 1411 1439 1508 potius

183 1530 442 1606 lacerabuntur
460 1530 586 1629 populi
605 1557 648 1605 ac
667 1532 778 1617 cives,
801 1530 876 1605 imo
900 1531 1181 1605 devorabuntur
1199 1530 1247 1604 ab
1266 1529 1439 1603 invicem.

237 1651 392 1724 Praestat
411 1675 512 1749 ergo,
534 1667 575 1724 ut
594 1650 772 1724 reducant
791 1649 989 1746 pristinum
1016 1649 1078 1747 jus
1098 1648 1339 1724 christianum
1361 1673 1438 1723 mo·

184 1768 375 1842 deratores
394 1768 510 1865 ipsius
533 1767 716 1843 Gubernii
740 1765 869 1853 Italici,
891 1793 937 1842 ne
970 1768 1005 1840 in
1025 1785 1218 1864 patentem
1231 1766 1311 1865 jam
1330 1767 1440 1865 abys-

184 1911 266 1958 sum
283 1910 439 1984 regnum
458 1903 571 1984 atque
585 1886 687 1964 cives
707 1886 887 1983 praecipes
901 1884 1004 1959 abire
1022 1885 1156 1959 sinant.

236 2017 269 2078 3.
297 1986 456 2078 Actuale
475 2002 573 2078 enim
601 2003 767 2103 regimen
801 2002 1076 2077 monarchicum
1096 2028 1171 2076 non
1189 2028 1288 2100 apex
1318 2020 1376 2077 est
1393 2001 1442 2076 ad

185 2147 296 2219 quem
328 2121 531 2221 agitatores
560 2120 691 2195 ultimo
722 2122 936 2220 pertingere
968 2121 1091 2195 conati
1124 2140 1212 2195 sunt
1246 2138 1285 2197 et
1318 2121 1442 2197 adhuc

185 2258 331 2313 secreto
350 2257 541 2313 conantur.

239 2357 351 2432 Certe
371 2356 499 2456 negari
527 2381 601 2431 non
621 2374 746 2454 potest
775 2357 896 2453 ipsum
916 2355 1078 2430 italicum
1098 2355 1264 2456 regimen
1293 2354 1330 2430 in
1350 2355 1443 2430 duas

187 2473 301 2549 veluti
322 2474 501 2548 sactiones
521 2499 603 2548 esse
622 2473 795 2558 divisum,
810 2499 966 2572 quarum
982 2499 1055 2547 una
1075 2473 1311 2560 moderatior,
1326 2472 1444 2547 altera

187 2617 278 2665 vero
297 2610 355 2667 est
374 2591 549 2666 satanica.
575 2591 735 2666 Duobus
766 2591 868 2666 hisce
886 2590 1082 2667 elementis
1109 2608 1256 2666 constat
1275 2589 1441 2690 regimen

188 2708 276 2784 illud
308 2711 409 2808 quod
441 2711 655 2785 universum
692 2709 869 2809 populum
907 2728 1176 2808 repraesentare
1206 2709 1443 2807 impudenter

187 2827 330 2914 dicitur,
351 2828 441 2901 dum
461 2828 660 2926 nequidem
679 2829 870 2902 dimidiam
887 2847 1043 2927 partem,
1064 2853 1222 2927 eamque
1242 2826 1443 2925 pessimam

188 3014 224 3070 de
249 3013 393 3085 politique.
414 3014 643 3086 L’organisaiion
667 3015 701 3069 de
721 3020 788 3070 cette
817 3008 981 3069 institution
1001 3015 1192 3085 ripubiicaine
1213 3020 1241 3068 ei
1262 3013 1363 3068 sociale
1386 3011 1448 3067 doit

187 3095 284 3147 servir
294 3094 327 3147 de
339 3092 513 3148 modiIeaux
524 3112 677 3148 nouvcaux
689 3096 807 3165 rigimes
816 3095 977 3166 polz'tiques.
990 3097 1080 3149 Notre
1093 3094 1278 3150 constitution
1293 3104 1335 3149 est
1349 3093 1447 3147 demo·

188 3172 317 3242 cratique
329 3184 357 3229 ct
375 3190 425 3228 son
441 3174 669 3229 administration
690 3175 947 3245 representative...
966 3175 1060 3229 Union
1075 3174 1126 3229 des
1146 3174 1290 3228 membres
1303 3174 1354 3228 des
1367 3171 1446 3228 diffe-

189 3261 284 3307 rentes
297 3251 431 3321 religions
445 3253 516 3307 dans
528 3253 555 3306 la
574 3253 691 3324 religion
705 3255 851 3323 naturelle,
870 3255 973 3324 egalite
995 3255 1046 3309 des
1059 3253 1159 3322 droits,
1177 3255 1356 3324 jouissances
1369 3269 1447 3308 com·

189 3347 298 3398 munes,
306 3332 401 3385 action
410 3332 657 3405 philantlrropique
668 3334 844 3400 universelle,
853 3334 927 3388 voila
936 3351 967 3389 ce
979 3333 1024 3404 qui
1034 3333 1156 3388 affermit
1167 3345 1248 3389 notre
1256 3332 1446 3388 Associatiou.

225 3408 243 3438 ‘⁸
258 3409 380 3480 Puisque
400 3412 427 3465 la
440 3412 560 3481 religion
580 3413 721 3469 renlerme
742 3413 958 3467 indirectement
975 3413 1158 3478 l'humanit6;
1179 3412 1309 3482 puisqu’il
1330 3413 1388 3467 taut
1411 3428 1448 3465 un

190 3489 298 3544 certain
313 3490 398 3559 degre
412 3490 607 3547 d'instruction
622 3510 693 3564 pour
705 3493 823 3562 pouvoir
835 3494 952 3548 s¹elever
964 3494 982 3546 a
995 3493 1076 3547 l'idee
1086 3492 1207 3547 sublime
1217 3493 1253 3547 de
1266 3492 1430 3546 l’humanite
1442 3510 1449 3556 ;

191 3568 310 3639 puisque
324 3570 364 3623 les
378 3570 507 3625 hommes
531 3572 659 3627 instruits
672 3573 847 3627 eux-memes
869 3583 933 3627 sont
947 3571 1062 3642 templis
1075 3573 1112 3627 de
1131 3583 1194 3642 trop
1212 3572 1366 3642 d’egoisme
1380 3587 1450 3642 pour

189 3648 270 3702 avoir
282 3649 319 3711 de
331 3659 405 3705 cette
418 3651 516 3705 notion
531 3668 585 3706 une
599 3652 720 3722 parlaite
733 3652 922 3720 intelligence‚
937 3650 954 3705 ii
970 3652 1029 3706 faut
1042 3667 1097 3722 que
1110 3652 1153 3706 les
1165 3652 1286 3722 temples
1300 3651 1449 3706 consacres

191 3728 384 3783 alhumanite
402 3741 518 3798 restent,
532 3733 653 3802 quelque
666 3744 758 3802 temps
778 3748 889 3800 encore,
908 3744 1022 3787 ouverts
1043 3733 1111 3785 aun
1131 3733 1201 3801 petit
1220 3733 1338 3785 nombre
1352 3730 1449 3784 d'elus.

193 3809 247 3861 Les
258 3809 388 3863 hommes
407 3809 518 3864 revetus
531 3810 569 3863 du
583 3809 701 3880 pouvoir
713 3820 742 3864 et
755 3810 875 3879 charges
896 3809 934 3863 du
947 3821 1169 3878 gouvernement
1191 3827 1226 3864 ne
1245 3817 1450 3879 cornprennent

88 3908 91 3913 ·
193 3904 244 3956 pas
257 3903 360 3942 encore
374 3905 444 3958 pour
454 3889 481 3943 la
494 3889 606 3959 piupart
620 3889 751 3944 combien
765 3888 792 3942 le
806 3900 918 3958 respect
938 3905 1010 3957 pour
1023 3888 1185 3942 l’humanite
1197 3899 1241 3944 est
1259 3887 1451 3944 necessairel

192 3968 324 4021 l'homme
337 3967 384 4038 qui
398 3985 415 4022 a
428 3968 455 4021 la
465 3967 583 4023 missiou
597 3969 633 4023 de
643 3968 748 4023 former
762 3969 798 4023 de
811 3969 884 4022 bons
896 3967 1033 4037 citoyens.
1049 3970 1104 4023 Les
1117 3969 1224 4039 pretres
1233 3970 1269 4023 de
1282 3968 1310 4022 ia
1322 3967 1451 4037 religion,

192 4063 228 4100 au
242 4045 296 4099 lieu
307 4045 343 4100 de
356 4047 416 4101 voir
428 4047 501 4102 dans
510 4048 552 4103 ies
564 4048 672 4118 pretres
682 4048 718 4102 de
730 4047 894 4102 l’humanite
903 4047 953 4115 (ies
961 4049 1216 4117 Frons-matous),
1227 4048 1278 4103 des
1291 4047 1452 4102 auxiliaires

192 4135 220 4179 et
233 4126 284 4179 des
297 4125 494 4195 preparateurs
505 4126 595 4195 utiles,
609 4129 653 4196 n'y
666 4137 780 4182 verront
791 4127 827 4182 de
840 4128 1003 4197 iongtemps
1013 4143 1115 4182 encore
1129 4144 1182 4198 que
1193 4129 1324 4182 d’odieux
1337 4126 1452 4181 rivaux:

193 4204 227 4257 iis
241 4220 312 4258 nous
325 4205 520 4260 accuseraient
533 4206 700 4275 d’idoldtrie,
714 4206 737 4261 si
757 4222 830 4261 nous
843 4208 973 4260 voulions
987 4206 1096 4260 donner
1113 4205 1308 4260 al'humanite
1323 4222 1378 4260 une
1390 4220 1452 4274 per·

194 4282 392 4337 sonnification
416 4286 531 4353 morale,
544 4302 656 4341 comme
677 4303 713 4340 on
727 4303 744 4340 a
757 4298 889 4340 coutume
915 4287 950 4340 de
964 4286 1034 4341 faire
1057 4303 1127 4356 pour
1140 4288 1167 4341 ia
1185 4287 1311 4341 divinite.
1328 4287 1342 4314 ”
1356 4287 1453 4340 Revue

195 4365 385 4432 mafomrique,
405 4365 529 4419 Manuel
537 4369 617 4435 pour
628 4366 668 4419 les
675 4364 778 4436 srires.
801 4366 988 4434 Aitenbourg‚
1010 4365 1058 4419 182
1061 4380 1085 4435 3,
1111 4371 1146 4419 1²¹
1159 4367 1212 4420 vol.
1237 4373 1271 4420 tre
1285 4367 1353 4432 livr.‚
1367 4381 1394 4435 p.
1408 4376 1453 4432 92,

194 4441 270 4510 apud
284 4441 361 4510 Gya,
372 4460 398 4513 p.
409 4445 453 4511 96.

231 4520 348 4574 Mazzini
362 4523 437 4576 aime
450 4522 467 4576 a
480 4539 512 4577 se
521 4523 582 4577 dire
595 4523 622 4576 le
632 4524 768 4594 prophete
777 4523 814 4578 de
825 4524 1077 4579 l'humanitarisme
1087 4553 1121 4563 -
1130 4523 1246 4579 ecrivait
1257 4526 1282 4578 Ν
1287 4523 1378 4592 obius,
1389 4520 1457 4578 chel

194 4600 230 4655 de
244 4601 271 4653 la
286 4601 382 4655 Haute
395 4612 479 4657 vente
492 4603 510 4656 a
523 4604 630 4672 Beppo.
647 4631 681 4642 -
696 4604 811 4672 Darras,
824 4603 902 4657 Hisi.
912 4604 946 4657 de
955 4589 1055 4674 l’Egt„
1064 4605 1118 4659 vol.
1127 4619 1171 4674 40,
1184 4622 1210 4675 p.
1225 4606 1285 4674 363.

193 4746 197 4753 ¹
234 4692 256 4734 1.
273 4677 379 4734 Homil.
393 4691 485 4736 xxxii
500 4681 528 4736 in
542 4681 653 4751 Evang.
667 4683 695 4737 S.
711 4683 824 4751 Marus,
837 4699 861 4738 c.
879 4683 919 4739 16.
