3496 5482
243 478 615 490 w·—
920 472 1493 484 ⁴..,..-—-—-.›.-.·--·--—-—-—---—..—...-—⁴

691 525 812 590 capua
839 537 1047 588 subernun.
1431 533 1500 604 157

294 701 493 774 “Primum
513 727 604 776 sane
623 728 670 777 ex
689 699 896 774 manifestis
911 698 1165 798 aggressionis
1186 697 1330 770 indiciis
1350 696 1498 794 prodiit,
1613 764 1617 770 .

242 846 356 920 quum
378 820 414 893 in
438 820 636 895 Parisiensi
650 837 957 904 conventu,anno
981 820 1075 911 1856
1095 834 1189 903 act0‚
1210 842 1257 891 ex
1272 833 1378 914 parte
1404 817 1502 914 ejus·

242 941 326 1014 dem
356 937 552 1034 Subalpini
588 938 771 1037 gubernii,
803 936 900 1011 inter
925 934 1081 1010 hostiles
1118 932 1314 1008 nonnullas
1353 934 1502 1032 exposi-

235 1059 374 1142 tiones,
396 1056 566 1153 speciosa
597 1057 769 1154 quaedam
799 1043 892 1129 ratio
911 1053 1104 1152 proposita
1136 1053 1203 1127 suit
1231 1052 1279 1126 ad
1299 1051 1408 1129 civile
1426 1055 1501 1128 Ro·

245 1175 343 1251 mani
361 1174 551 1249 Pontificis
567 1175 786 1248 Dominium
803 1162 1065 1248 infirmandum
1080 1173 1176 1246 etad
1191 1172 1318 1269 ipsius,
1336 1189 1503 1247 sanctae·

245 1320 318 1394 que
336 1293 447 1391 hujus
468 1293 579 1367 Sedis
594 1293 842 1368 auctoritaten
865 1291 1169 1365 imminuendam.
1189 1290 1207 1318 ”

298 1429 349 1490 13.
373 1410 436 1485 Nil
465 1412 598 1484 mirum
627 1411 748 1508 igitur,
775 1411 807 1485 si
837 1414 931 1505 1859
963 1411 1053 1484 ortis
1084 1408 1170 1483 belli
1207 1411 1504 1486 dissentionibus

247 1531 411 1607 Austriae
431 1556 588 1629 regnum
606 1530 702 1605 inter
718 1547 756 1604 et
774 1528 959 1603 Sardiniae
978 1554 1061 1602 cum
1086 1527 1210 1602 Gallia
1229 1528 1503 1618 confoederatae,

246 1668 394 1752 gratum
415 1645 622 1722 habebatur
640 1648 881 1723 Massonibus
900 1666 939 1723 et
951 1647 1163 1744 deprimere
1192 1647 1413 1722 catholicum
1428 1651 1506 1722 Au·

247 1769 347 1844 striae
366 1767 561 1865 imperium
576 1783 613 1842 et
625 1766 837 1863 prospicere
847 1767 1002 1865 jamjam
1028 1765 1190 1840 futurum
1203 1791 1329 1839 casum
1343 1766 1380 1841 S.
1391 1766 1504 1844 Sedis

248 1887 404 1987 ejusque
422 1884 628 1959 accelerare
646 1885 1008 1959 adventumDicere
1027 1883 1082 1958 las
1101 1901 1159 1959 est
1182 1884 1334 1958 :Nihil
1335 1885 1506 1982 fraudis,

248 2005 350 2079 nihil
363 2004 508 2078 sceleris
517 2002 813 2100 pretermissum
838 2022 925 2078 tunc
951 2001 1020 2078 fuit
1047 2028 1122 2100 quo
1150 2001 1277 2100 populi
1304 2003 1508 2081 Pontifieiae

253 2124 404 2199 Nostrae
419 2121 570 2197 ditionis
589 2122 635 2196 ad
650 2120 826 2196 nefariam
841 2121 1090 2197 detectionem
1114 2121 1235 2195 modis
1249 2121 1423 2197 omnibus
1442 2124 1508 2198 im·

251 2240 489 2341 pellerentur.

304 2361 452 2433 “Hinc
480 2359 714 2456 instigatores
738 2360 852 2446 maisi,
875 2361 1034 2456 pecunia
1063 2360 1227 2457 largiter
1253 2358 1380 2458 effusa,
1400 2385 1510 2433 arma

250 2479 493 2578 suppeditata,
515 2478 754 2552 incitamenta
778 2479 914 2575 promi
931 2479 1080 2575 scriptis
1094 2488 1129 2551 et
1140 2478 1429 2575 ephemen'dibus
1446 2477 1510 2551 ad·

253 2607 360 2682 mola,
380 2607 416 2670 et
433 2623 535 2670 omne
542 2596 735 2694 fraudum
758 2621 878 2693 genus
907 2596 1115 2670 adhibitum
1142 2621 1216 2669 VEL
1247 2620 1294 2669 AB
1314 2619 1423 2684 tuuis,
1443 2617 1511 2683 QUI

253 2738 424 2804 uJusoau
473 2736 660 2789 ounannrr
702 2736 921 2790 Leoartonu
960 2714 1089 2789 noun
1133 2716 1379 2802 iuncturas,'
1406 2715 1512 2789 nulla

252 2833 377 2908 habita
388 2834 558 2931 gentium
576 2832 687 2930 juris
713 2832 979 2931 honestatisque
1001 2832 1155 2920 rotrone,
1181 2833 1332 2931 proprio
1359 2858 1514 2908 munere

254 2977 448 3050 perperam
485 2951 736 3026 abutebantur
767 2951 815 3024 ad
836 2952 1089 3026 tenebricosas
1113 2951 1326 3027 molitiones
1358 2952 1395 3027 in
1419 2952 1513 3026 Pon-

255 3069 355 3146 tificii
377 3070 509 3145 Nostri
527 3070 698 3168 gubernii
719 3070 920 3167 perniciem
939 3071 1115 3169 agendas.
1133 3071 1150 3097 ”

307 3198 327 3228 “
347 3188 502 3274 Oborta‚
520 3189 572 3262 ait
588 3188 676 3262 Pius
699 3188 911 3274 IX‚deinde
931 3189 968 3261 in
988 3187 1174 3262 nonnullis
1192 3189 1227 3261 N
1233 3206 1346 3263 ostrae
1365 3188 1516 3263 ditionis

254 3307 454 3404 provinciis
486 3307 682 3389 seditione,
697 3305 793 3382 illico
819 3332 885 3404 per
904 3305 1067 3381 fautores
1099 3309 1203 3407 regia
1226 3308 1410 3382 dictatura
1433 3333 1516 3405 pro·
1536 3323 1537 3327 ’

255 3423 413 3499 clamata
431 3442 499 3511 est,
508 3424 711 3523 statimque
729 3424 967 3523 aSubalpino
985 3426 1170 3523 gubernio
1191 3425 1439 3500 commissarii
1454 3424 1517 3499 ad·

255 3543 350 3630 lecti,
372 3544 435 3640 qui
455 3544 667 3641 provincias
687 3542 767 3617 illas
786 3544 972 3642 regendas
990 3561 1185 3619 sumerent
1201 3542 1256 3644 (¹).
1288 3545 1306 3572 ’'

310 3661 376 3735 Uti
392 3663 660 3736 insinuavimus
680 3662 812 3736 horum
832 3662 1041 3760 praecipuus
1061 3663 1258 3761 instigator
1273 3663 1341 3737 luit
1356 3664 1518 3737 Franco·

257 3801 422 3858 murator
435 3781 594 3867 Cavour,
620 3780 790 3855 minister
807 3780 1262 3869 Victoris-Emmanuelis,
1292 3781 1355 3879 qui
1374 3780 1519 3879 conspi-

258 3928 343 3976 rans
362 3926 446 3975 cum
462 3900 496 3973 N
503 3898 756 3997 apoleonelll
772 3915 902 3973 contra
916 3900 1119 3986 Austriam
1141 3900 1356 3999 conjuratos
1375 3916 1521 3974 secreto

257 4019 491 4094 sustentabat
513 4019 655 4103 Romae,
685 4034 724 4092 et
752 4018 788 4091 in
816 4016 897 4091 aliis
921 4019 1125 4117 majoribus
1150 4017 1267 4092 ltaliae
1294 4017 1519 4092 civitatibus.

262 4139 323 4213 De
346 4157 471 4213 cetero
490 4136 627 4211 bellum
647 4135 718 4210 hoc
749 4136 928 4210 indictum
949 4136 1110 4212 nonfuit
1129 4137 1272 4236 absque
1291 4153 1383 4211 nutu
1402 4153 1521 4211 secta·

262 4283 355 4342 rum,
371 4281 528 4354 quarum
550 4281 681 4331 servus
702 4273 782 4329 erat
797 4254 984 4354 Napole0.
998 4254 1209 4354 Imperator
1235 4255 1368 4330 Galliae
1381 4253 1525 4355 ingenti

259 4401 342 4449 cum
358 4375 524 4449 exercitu
543 4374 681 4448 auxilio
701 4372 769 4448 suit
784 4374 968 4449 foederato
982 4400 1051 4449 suo
1076 4371 1197 4449 amico
1210 4375 1353 4450 Victori
1369 4375 1522 4449 Emma-

262 4492 377 4582 nueli;
413 4494 552 4568 devicti
585 4492 734 4567 suerunt
761 4491 950 4567 Austriaci
980 4493 1016 4566 in
1047 4494 1233 4593 Magenta
1260 4518 1302 4567 ac
1330 4491 1520 4568 Sollerino

938 4633 1040 4639 ...-
1048 4629 1519 4643 Μ.--

267 4699 269 4702 ’
300 4691 323 4742 ι’.
338 4688 456 4758 Encycl.
469 4688 538 4740 cum
552 4684 698 4754 catholica,
713 4688 743 4739 16
758 4686 854 4741 Martii
871 4688 946 4741 ibbo.
