<?xml version="1.0" encoding="UTF-8"?>
<!DOCTYPE html PUBLIC "-//W3C//DTD XHTML 1.0 Transitional//EN"
    "http://www.w3.org/TR/xhtml1/DTD/xhtml1-transitional.dtd">
<html xmlns="http://www.w3.org/1999/xhtml" xml:lang="en" lang="en">
 <head>
  <title>
</title>
<meta http-equiv="Content-Type" content="text/html;charset=utf-8" />
  <meta name='ocr-system' content='tesseract 3.04.00' />
  <meta name='ocr-capabilities' content='ocr_page ocr_carea ocr_par ocr_line ocrx_word'/>
</head>
<body>
  <div class='ocr_page' id='page_1' title='image "./papasitrexromae00godtgoog/papasitrexromae00godtgoog_0019.png"; bbox 0 0 3496 5482; ppageno 0'>
   <div class='ocr_carea' id='block_1_1' title="bbox 249 656 1095 727">
    <p class='ocr_par' dir='ltr' id='par_1_1' title="bbox 249 656 1095 727">
     <span class='ocr_line' id='line_1_1' title="bbox 249 656 1095 727; baseline -0.002 0"><span class='ocrx_word' id='word_1_1' title='bbox 249 656 270 727; x_wconf 90' lang='lat'>8</span> <span class='ocrx_word' id='word_1_2' title='bbox 657 674 750 724; x_wconf 74' lang='lat' dir='ltr'>mm</span> <span class='ocrx_word' id='word_1_3' title='bbox 777 675 837 725; x_wconf 78' lang='lat' dir='ltr'>sm</span> <span class='ocrx_word' id='word_1_4' title='bbox 864 673 939 724; x_wconf 72' lang='lat' dir='ltr'>mcx</span> <span class='ocrx_word' id='word_1_5' title='bbox 968 673 1095 725; x_wconf 71' lang='lat' dir='ltr'>noum</span> 
     </span>
    </p>
   </div>
   <div class='ocr_carea' id='block_1_2' title="bbox 241 834 1568 4479">
    <p class='ocr_par' dir='ltr' id='par_1_2' title="bbox 247 834 1506 1054">
     <span class='ocr_line' id='line_1_2' title="bbox 247 834 1506 934; baseline 0 -24"><span class='ocrx_word' id='word_1_6' title='bbox 247 835 420 932; x_wconf 86' lang='lat' dir='ltr'><strong>postulet,</strong></span> <span class='ocrx_word' id='word_1_7' title='bbox 454 836 543 934; x_wconf 91' lang='lat' dir='ltr'>quid</span> <span class='ocrx_word' id='word_1_8' title='bbox 573 835 664 911; x_wconf 87' lang='lat' dir='ltr'>Sedi</span> <span class='ocrx_word' id='word_1_9' title='bbox 694 834 937 932; x_wconf 87' lang='lat' dir='ltr'>Apostolicae</span> <span class='ocrx_word' id='word_1_10' title='bbox 965 835 1012 908; x_wconf 91' lang='lat' dir='ltr'>ad</span> <span class='ocrx_word' id='word_1_11' title='bbox 1040 834 1213 908; x_wconf 91' lang='lat' dir='ltr'>divinum</span> <span class='ocrx_word' id='word_1_12' title='bbox 1234 860 1370 909; x_wconf 87' lang='lat' dir='ltr'>munus</span> <span class='ocrx_word' id='word_1_13' title='bbox 1399 860 1506 910; x_wconf 91' lang='lat' dir='ltr'>suum</span> 
     </span>
     <span class='ocr_line' id='line_1_3' title="bbox 247 951 595 1054; baseline 0 -26"><span class='ocrx_word' id='word_1_14' title='bbox 247 954 481 1028; x_wconf 84' lang='lat' dir='ltr'>desideretur</span> <span class='ocrx_word' id='word_1_15' title='bbox 499 951 555 1054; x_wconf 83' lang='lat'><strong>(¹).</strong></span> <span class='ocrx_word' id='word_1_16' title='bbox 578 954 595 980; x_wconf 91' lang='lat'><strong>”</strong></span> 
     </span>
    </p>

    <p class='ocr_par' dir='ltr' id='par_1_3' title="bbox 246 1071 1568 2352">
     <span class='ocr_line' id='line_1_4' title="bbox 298 1071 1506 1170; baseline 0.001 -25"><span class='ocrx_word' id='word_1_17' title='bbox 298 1087 332 1145; x_wconf 92' lang='lat'>2.</span> <span class='ocrx_word' id='word_1_18' title='bbox 356 1072 523 1147; x_wconf 83' lang='lat' dir='ltr'>Non-est</span> <span class='ocrx_word' id='word_1_19' title='bbox 546 1073 648 1169; x_wconf 86' lang='lat' dir='ltr'>Papa</span> <span class='ocrx_word' id='word_1_20' title='bbox 667 1073 762 1146; x_wconf 88' lang='lat' dir='ltr'>sicut</span> <span class='ocrx_word' id='word_1_21' title='bbox 786 1071 943 1170; x_wconf 82' lang='lat' dir='ltr'>quilibet</span> <span class='ocrx_word' id='word_1_22' title='bbox 965 1071 1187 1167; x_wconf 89' lang='lat' dir='ltr'>Episcopus,</span> <span class='ocrx_word' id='word_1_23' title='bbox 1210 1097 1278 1145; x_wconf 89' lang='lat' dir='ltr'>nec</span> <span class='ocrx_word' id='word_1_24' title='bbox 1298 1071 1506 1169; x_wconf 86' lang='lat' dir='ltr'>temporale</span> 
     </span>
     <span class='ocr_line' id='line_1_5' title="bbox 246 1189 1568 1289; baseline -0.001 -24"><span class='ocrx_word' id='word_1_25' title='bbox 246 1191 327 1289; x_wconf 86' lang='lat' dir='ltr'>ejus</span> <span class='ocrx_word' id='word_1_26' title='bbox 340 1190 544 1263; x_wconf 92' lang='lat' dir='ltr'>dominium</span> <span class='ocrx_word' id='word_1_27' title='bbox 558 1191 849 1284; x_wconf 84' lang='lat' dir='ltr'>comparandum</span> <span class='ocrx_word' id='word_1_28' title='bbox 864 1217 947 1264; x_wconf 91' lang='lat' dir='ltr'>cum</span> <span class='ocrx_word' id='word_1_29' title='bbox 968 1191 1175 1286; x_wconf 90' lang='lat' dir='ltr'>principatu</span> <span class='ocrx_word' id='word_1_30' title='bbox 1196 1189 1258 1263; x_wconf 96' lang='lat' dir='ltr'>illo</span> <span class='ocrx_word' id='word_1_31' title='bbox 1269 1189 1379 1276; x_wconf 91' lang='lat' dir='ltr'>civili,</span> <span class='ocrx_word' id='word_1_32' title='bbox 1394 1216 1505 1287; x_wconf 93' lang='lat' dir='ltr'>quem</span> <span class='ocrx_word' id='word_1_33' title='bbox 1564 1200 1568 1206; x_wconf 84' lang='grc'><em>’</em></span> 
     </span>
     <span class='ocr_line' id='line_1_6' title="bbox 246 1307 1506 1406; baseline -0.001 -24"><span class='ocrx_word' id='word_1_34' title='bbox 246 1309 367 1382; x_wconf 92' lang='lat' dir='ltr'>adhuc</span> <span class='ocrx_word' id='word_1_35' title='bbox 386 1307 516 1382; x_wconf 90' lang='lat' dir='ltr'>ultimo</span> <span class='ocrx_word' id='word_1_36' title='bbox 533 1308 671 1382; x_wconf 86' lang='lat' dir='ltr'>saeculo</span> <span class='ocrx_word' id='word_1_37' title='bbox 702 1309 854 1406; x_wconf 87' lang='lat' dir='ltr'>quidam</span> <span class='ocrx_word' id='word_1_38' title='bbox 887 1326 1086 1382; x_wconf 92' lang='lat' dir='ltr'>tenuerunt</span> <span class='ocrx_word' id='word_1_39' title='bbox 1117 1307 1307 1404; x_wconf 86' lang='lat' dir='ltr'>Episcopi,</span> <span class='ocrx_word' id='word_1_40' title='bbox 1325 1326 1375 1392; x_wconf 91' lang='lat' dir='ltr'>ut,</span> <span class='ocrx_word' id='word_1_41' title='bbox 1403 1308 1506 1383; x_wconf 91' lang='lat' dir='ltr'>verbi</span> 
     </span>
     <span class='ocr_line' id='line_1_7' title="bbox 246 1422 1506 1524; baseline 0.001 -25"><span class='ocrx_word' id='word_1_42' title='bbox 246 1427 375 1524; x_wconf 83' lang='lat' dir='ltr'>gratia,</span> <span class='ocrx_word' id='word_1_43' title='bbox 399 1422 809 1523; x_wconf 89' lang='lat' dir='ltr'>Princeps-Episcopus</span> <span class='ocrx_word' id='word_1_44' title='bbox 844 1426 1076 1501; x_wconf 88' lang='lat' dir='ltr'>Leodiensis.</span> <span class='ocrx_word' id='word_1_45' title='bbox 1108 1425 1211 1499; x_wconf 87' lang='lat' dir='ltr'>Scite</span> <span class='ocrx_word' id='word_1_46' title='bbox 1239 1426 1506 1500; x_wconf 86' lang='lat' dir='ltr'>animadvertit</span> 
     </span>
     <span class='ocr_line' id='line_1_8' title="bbox 249 1545 1505 1641; baseline -0.003 -20"><span class='ocrx_word' id='word_1_47' title='bbox 249 1546 514 1621; x_wconf 87' lang='lat' dir='ltr'>Sanctissimus</span> <span class='ocrx_word' id='word_1_48' title='bbox 536 1547 724 1620; x_wconf 88' lang='lat' dir='ltr'>Dominus</span> <span class='ocrx_word' id='word_1_49' title='bbox 747 1549 827 1621; x_wconf 93' lang='lat' dir='ltr'>Leo</span> <span class='ocrx_word' id='word_1_50' title='bbox 851 1547 972 1619; x_wconf 91' lang='lat' dir='ltr'>Xlll:</span> <span class='ocrx_word' id='word_1_51' title='bbox 987 1556 1007 1583; x_wconf 91' lang='lat'>“</span> <span class='ocrx_word' id='word_1_52' title='bbox 1028 1546 1140 1640; x_wconf 87' lang='lat' dir='ltr'>Quod</span> <span class='ocrx_word' id='word_1_53' title='bbox 1155 1546 1256 1619; x_wconf 88' lang='lat' dir='ltr'>enim</span> <span class='ocrx_word' id='word_1_54' title='bbox 1276 1570 1389 1641; x_wconf 91' lang='lat' dir='ltr'>saepe</span> <span class='ocrx_word' id='word_1_55' title='bbox 1412 1545 1505 1617; x_wconf 89' lang='lat' dir='ltr'>dixi-</span> 
     </span>
     <span class='ocr_line' id='line_1_9' title="bbox 249 1662 1507 1762; baseline -0.002 -24"><span class='ocrx_word' id='word_1_56' title='bbox 249 1690 332 1739; x_wconf 88' lang='lat' dir='ltr'>mus</span> <span class='ocrx_word' id='word_1_57' title='bbox 346 1665 571 1762; x_wconf 90' lang='lat' dir='ltr'>saepiusque</span> <span class='ocrx_word' id='word_1_58' title='bbox 583 1683 639 1738; x_wconf 92' lang='lat' dir='ltr'>est</span> <span class='ocrx_word' id='word_1_59' title='bbox 651 1664 902 1750; x_wconf 90' lang='lat' dir='ltr'>dicendum‚iu</span> <span class='ocrx_word' id='word_1_60' title='bbox 916 1662 1013 1736; x_wconf 93' lang='lat' dir='ltr'>civili</span> <span class='ocrx_word' id='word_1_61' title='bbox 1030 1663 1243 1759; x_wconf 91' lang='lat' dir='ltr'>Principatu</span> <span class='ocrx_word' id='word_1_62' title='bbox 1256 1688 1330 1736; x_wconf 92' lang='lat' dir='ltr'>non</span> <span class='ocrx_word' id='word_1_63' title='bbox 1345 1663 1507 1736; x_wconf 91' lang='lat' dir='ltr'>humana</span> 
     </span>
     <span class='ocr_line' id='line_1_10' title="bbox 247 1779 1505 1883; baseline -0.002 -28"><span class='ocrx_word' id='word_1_64' title='bbox 247 1783 432 1879; x_wconf 88' lang='lat' dir='ltr'>quaedam</span> <span class='ocrx_word' id='word_1_65' title='bbox 452 1808 521 1866; x_wconf 90' lang='lat' dir='ltr'>res,</span> <span class='ocrx_word' id='word_1_66' title='bbox 538 1783 605 1855; x_wconf 91' lang='lat' dir='ltr'>sed</span> <span class='ocrx_word' id='word_1_67' title='bbox 625 1781 777 1856; x_wconf 89' lang='lat' dir='ltr'>libertas</span> <span class='ocrx_word' id='word_1_68' title='bbox 804 1780 1179 1857; x_wconf 88' lang='lat' dir='ltr'>vertiturofficiorum</span> <span class='ocrx_word' id='word_1_69' title='bbox 1201 1779 1505 1883; x_wconf 88' lang='lat' dir='ltr'>Apostolicorum</span> 
     </span>
     <span class='ocr_line' id='line_1_11' title="bbox 247 1897 1505 1999; baseline -0.002 -27"><span class='ocrx_word' id='word_1_70' title='bbox 247 1925 290 1973; x_wconf 89' lang='lat' dir='ltr'>ac</span> <span class='ocrx_word' id='word_1_71' title='bbox 309 1898 452 1972; x_wconf 88' lang='lat' dir='ltr'>iurium.</span> <span class='ocrx_word' id='word_1_72' title='bbox 477 1899 565 1972; x_wconf 91' lang='lat' dir='ltr'>Hoc</span> <span class='ocrx_word' id='word_1_73' title='bbox 585 1899 720 1973; x_wconf 92' lang='lat' dir='ltr'>iudicio</span> <span class='ocrx_word' id='word_1_74' title='bbox 739 1900 935 1999; x_wconf 87' lang='lat' dir='ltr'>dirigenda</span> <span class='ocrx_word' id='word_1_75' title='bbox 950 1898 1078 1995; x_wconf 92' lang='lat' dir='ltr'>opinio</span> <span class='ocrx_word' id='word_1_76' title='bbox 1093 1917 1150 1972; x_wconf 90' lang='lat' dir='ltr'>est</span> <span class='ocrx_word' id='word_1_77' title='bbox 1168 1927 1176 1986; x_wconf 93' lang='lat'>;</span> <span class='ocrx_word' id='word_1_78' title='bbox 1196 1897 1266 1971; x_wconf 94' lang='lat' dir='ltr'>hoc</span> <span class='ocrx_word' id='word_1_79' title='bbox 1282 1899 1380 1971; x_wconf 92' lang='lat' dir='ltr'>idem</span> <span class='ocrx_word' id='word_1_80' title='bbox 1401 1923 1505 1971; x_wconf 88' lang='lat' dir='ltr'>accu-</span> 
     </span>
     <span class='ocr_line' id='line_1_12' title="bbox 248 2013 1506 2114; baseline 0 -24"><span class='ocrx_word' id='word_1_81' title='bbox 248 2034 326 2090; x_wconf 87' lang='lat' dir='ltr'>rate</span> <span class='ocrx_word' id='word_1_82' title='bbox 341 2017 474 2090; x_wconf 88' lang='lat' dir='ltr'>animis</span> <span class='ocrx_word' id='word_1_83' title='bbox 494 2017 761 2104; x_wconf 88' lang='lat' dir='ltr'>inculcandum,</span> <span class='ocrx_word' id='word_1_84' title='bbox 777 2017 994 2114; x_wconf 87' lang='lat' dir='ltr'>praesertim</span> <span class='ocrx_word' id='word_1_85' title='bbox 1014 2043 1096 2091; x_wconf 90' lang='lat' dir='ltr'>cum</span> <span class='ocrx_word' id='word_1_86' title='bbox 1111 2017 1210 2113; x_wconf 91' lang='lat' dir='ltr'>apud</span> <span class='ocrx_word' id='word_1_87' title='bbox 1227 2013 1506 2101; x_wconf 88' lang='lat' dir='ltr'>multos,cetero</span> 
     </span>
     <span class='ocr_line' id='line_1_13' title="bbox 248 2132 1506 2232; baseline -0.001 -25"><span class='ocrx_word' id='word_1_88' title='bbox 248 2132 462 2218; x_wconf 87' lang='lat' dir='ltr'>laudabiles,</span> <span class='ocrx_word' id='word_1_89' title='bbox 500 2134 715 2208; x_wconf 88' lang='lat' dir='ltr'>liberiorum</span> <span class='ocrx_word' id='word_1_90' title='bbox 758 2135 1029 2209; x_wconf 91' lang='lat' dir='ltr'>sententiarum</span> <span class='ocrx_word' id='word_1_91' title='bbox 1068 2133 1149 2231; x_wconf 93' lang='lat' dir='ltr'>plus</span> <span class='ocrx_word' id='word_1_92' title='bbox 1181 2160 1302 2232; x_wconf 89' lang='lat' dir='ltr'>aequo</span> <span class='ocrx_word' id='word_1_93' title='bbox 1346 2133 1506 2207; x_wconf 90' lang='lat' dir='ltr'>creverit</span> 
     </span>
     <span class='ocr_line' id='line_1_14' title="bbox 249 2251 465 2352; baseline 0.005 -27"><span class='ocrx_word' id='word_1_94' title='bbox 249 2251 425 2352; x_wconf 81' lang='lat' dir='ltr'>savor(&#39;).</span> <span class='ocrx_word' id='word_1_95' title='bbox 447 2254 465 2281; x_wconf 77' lang='lat'>’⁹</span> 
     </span>
    </p>

    <p class='ocr_par' dir='ltr' id='par_1_4' title="bbox 243 2371 1506 3653">
     <span class='ocr_line' id='line_1_15' title="bbox 301 2371 1506 2470; baseline 0 -26"><span class='ocrx_word' id='word_1_96' title='bbox 301 2371 385 2444; x_wconf 91' lang='lat' dir='ltr'>Nec</span> <span class='ocrx_word' id='word_1_97' title='bbox 404 2391 461 2446; x_wconf 91' lang='lat' dir='ltr'>est</span> <span class='ocrx_word' id='word_1_98' title='bbox 490 2373 683 2447; x_wconf 91' lang='lat' dir='ltr'>tractanda</span> <span class='ocrx_word' id='word_1_99' title='bbox 712 2373 864 2447; x_wconf 86' lang='lat' dir='ltr'>amissio</span> <span class='ocrx_word' id='word_1_100' title='bbox 884 2372 1100 2470; x_wconf 90' lang='lat' dir='ltr'>temporalis</span> <span class='ocrx_word' id='word_1_101' title='bbox 1130 2372 1234 2469; x_wconf 85' lang='lat' dir='ltr'>regni</span> <span class='ocrx_word' id='word_1_102' title='bbox 1254 2372 1390 2444; x_wconf 91' lang='lat' dir='ltr'>summi</span> <span class='ocrx_word' id='word_1_103' title='bbox 1413 2372 1506 2445; x_wconf 90' lang='lat' dir='ltr'>Pon·</span> 
     </span>
     <span class='ocr_line' id='line_1_16' title="bbox 247 2487 1505 2587; baseline 0 -25"><span class='ocrx_word' id='word_1_104' title='bbox 247 2487 365 2574; x_wconf 88' lang='lat' dir='ltr'>tificis,</span> <span class='ocrx_word' id='word_1_105' title='bbox 397 2489 505 2563; x_wconf 91' lang='lat' dir='ltr'>sicuti</span> <span class='ocrx_word' id='word_1_106' title='bbox 533 2491 681 2564; x_wconf 89' lang='lat' dir='ltr'>tractari</span> <span class='ocrx_word' id='word_1_107' title='bbox 711 2489 807 2564; x_wconf 90' lang='lat' dir='ltr'>solet</span> <span class='ocrx_word' id='word_1_108' title='bbox 835 2490 1006 2586; x_wconf 88' lang='lat' dir='ltr'>expulsio</span> <span class='ocrx_word' id='word_1_109' title='bbox 1037 2490 1192 2587; x_wconf 88' lang='lat' dir='ltr'>alicujus</span> <span class='ocrx_word' id='word_1_110' title='bbox 1223 2488 1371 2563; x_wconf 86' lang='lat' dir='ltr'>samiliae</span> <span class='ocrx_word' id='word_1_111' title='bbox 1391 2489 1505 2586; x_wconf 77' lang='lat' dir='ltr'>regiae</span> 
     </span>
     <span class='ocr_line' id='line_1_17' title="bbox 245 2607 1504 2708; baseline 0.002 -29"><span class='ocrx_word' id='word_1_112' title='bbox 245 2633 268 2679; x_wconf 92' lang='lat' dir='ltr'>a</span> <span class='ocrx_word' id='word_1_113' title='bbox 286 2607 379 2681; x_wconf 91' lang='lat' dir='ltr'>solio</span> <span class='ocrx_word' id='word_1_114' title='bbox 398 2634 477 2684; x_wconf 89' lang='lat' dir='ltr'>su0.</span> <span class='ocrx_word' id='word_1_115' title='bbox 511 2609 747 2683; x_wconf 89' lang='lat' dir='ltr'>Mentiuntur</span> <span class='ocrx_word' id='word_1_116' title='bbox 758 2611 857 2683; x_wconf 92' lang='lat' dir='ltr'>enim</span> <span class='ocrx_word' id='word_1_117' title='bbox 877 2610 925 2692; x_wconf 87' lang='lat' dir='ltr'>hi,</span> <span class='ocrx_word' id='word_1_118' title='bbox 942 2611 1004 2708; x_wconf 92' lang='lat' dir='ltr'>qui</span> <span class='ocrx_word' id='word_1_119' title='bbox 1015 2611 1100 2708; x_wconf 91' lang='lat' dir='ltr'>jura</span> <span class='ocrx_word' id='word_1_120' title='bbox 1122 2611 1378 2683; x_wconf 88' lang='lat' dir='ltr'>Romanorum</span> <span class='ocrx_word' id='word_1_121' title='bbox 1409 2609 1504 2682; x_wconf 90' lang='lat' dir='ltr'>Pon·</span> 
     </span>
     <span class='ocr_line' id='line_1_18' title="bbox 245 2725 1505 2824; baseline 0.002 -26"><span class='ocrx_word' id='word_1_122' title='bbox 245 2725 385 2798; x_wconf 86' lang='lat' dir='ltr'>tificum</span> <span class='ocrx_word' id='word_1_123' title='bbox 414 2726 449 2798; x_wconf 95' lang='lat' dir='ltr'>in</span> <span class='ocrx_word' id='word_1_124' title='bbox 481 2726 625 2800; x_wconf 84' lang='lat' dir='ltr'>Urbem</span> <span class='ocrx_word' id='word_1_125' title='bbox 659 2728 819 2801; x_wconf 87' lang='lat' dir='ltr'>Romam</span> <span class='ocrx_word' id='word_1_126' title='bbox 850 2727 1123 2824; x_wconf 92' lang='lat' dir='ltr'>“usqueadeo</span> <span class='ocrx_word' id='word_1_127' title='bbox 1140 2727 1318 2823; x_wconf 92' lang='lat' dir='ltr'>opinione</span> <span class='ocrx_word' id='word_1_128' title='bbox 1338 2727 1505 2800; x_wconf 89' lang='lat' dir='ltr'>minuere</span> 
     </span>
     <span class='ocr_line' id='line_1_19' title="bbox 246 2845 1503 2943; baseline 0.003 -27"><span class='ocrx_word' id='word_1_129' title='bbox 246 2861 421 2943; x_wconf 83' lang='lat' dir='ltr'>satagunt</span> <span class='ocrx_word' id='word_1_130' title='bbox 441 2863 480 2918; x_wconf 91' lang='lat' dir='ltr'>ut</span> <span class='ocrx_word' id='word_1_131' title='bbox 500 2870 574 2918; x_wconf 91' lang='lat' dir='ltr'>non</span> <span class='ocrx_word' id='word_1_132' title='bbox 594 2845 676 2942; x_wconf 93' lang='lat' dir='ltr'>plus</span> <span class='ocrx_word' id='word_1_133' title='bbox 692 2845 831 2920; x_wconf 87' lang='lat' dir='ltr'>habere</span> <span class='ocrx_word' id='word_1_134' title='bbox 846 2847 1024 2920; x_wconf 89' lang='lat' dir='ltr'>momenti</span> <span class='ocrx_word' id='word_1_135' title='bbox 1057 2847 1255 2932; x_wconf 90' lang='lat' dir='ltr'>dictasint,</span> <span class='ocrx_word' id='word_1_136' title='bbox 1278 2847 1503 2943; x_wconf 90' lang='lat' dir='ltr'>quamquod</span> 
     </span>
     <span class='ocr_line' id='line_1_20' title="bbox 245 2962 1499 3064; baseline 0.002 -29"><span class='ocrx_word' id='word_1_137' title='bbox 245 2962 430 3059; x_wconf 88' lang='lat' dir='ltr'>regiarum</span> <span class='ocrx_word' id='word_1_138' title='bbox 460 2964 657 3038; x_wconf 92' lang='lat' dir='ltr'>domorum</span> <span class='ocrx_word' id='word_1_139' title='bbox 687 2966 849 3040; x_wconf 86' lang='lat' dir='ltr'>rationes</span> <span class='ocrx_word' id='word_1_140' title='bbox 886 2966 1024 3040; x_wconf 88' lang='lat' dir='ltr'>habere</span> <span class='ocrx_word' id='word_1_141' title='bbox 1062 2965 1235 3040; x_wconf 91' lang='lat' dir='ltr'>universe</span> <span class='ocrx_word' id='word_1_142' title='bbox 1271 2965 1393 3039; x_wconf 89' lang='lat' dir='ltr'>solent</span> <span class='ocrx_word' id='word_1_143' title='bbox 1413 2964 1454 3064; x_wconf 85' lang='lat'>(³)</span> <span class='ocrx_word' id='word_1_144' title='bbox 1472 2966 1499 3037; x_wconf 86' lang='lat'>’&#39;.</span> 
     </span>
     <span class='ocr_line' id='line_1_21' title="bbox 247 3079 1502 3179; baseline 0.004 -27"><span class='ocrx_word' id='word_1_145' title='bbox 247 3079 482 3177; x_wconf 87' lang='lat' dir='ltr'>Nequelicet</span> <span class='ocrx_word' id='word_1_146' title='bbox 513 3081 624 3179; x_wconf 86' lang='lat' dir='ltr'>Papae</span> <span class='ocrx_word' id='word_1_147' title='bbox 654 3083 836 3156; x_wconf 89' lang='lat' dir='ltr'>Romanis</span> <span class='ocrx_word' id='word_1_148' title='bbox 854 3083 1049 3156; x_wconf 90' lang='lat' dir='ltr'>consilium</span> <span class='ocrx_word' id='word_1_149' title='bbox 1064 3083 1163 3169; x_wconf 89' lang='lat' dir='ltr'>dare,</span> <span class='ocrx_word' id='word_1_150' title='bbox 1184 3084 1291 3157; x_wconf 90' lang='lat' dir='ltr'>sicuti</span> <span class='ocrx_word' id='word_1_151' title='bbox 1313 3082 1441 3168; x_wconf 88' lang='lat' dir='ltr'>Gallis,</span> <span class='ocrx_word' id='word_1_152' title='bbox 1464 3102 1502 3157; x_wconf 91' lang='lat' dir='ltr'>ut</span> 
     </span>
     <span class='ocr_line' id='line_1_22' title="bbox 243 3198 1504 3298; baseline 0.004 -28"><span class='ocrx_word' id='word_1_153' title='bbox 243 3214 439 3294; x_wconf 85' lang='lat' dir='ltr'>acceptent</span> <span class='ocrx_word' id='word_1_154' title='bbox 471 3198 627 3273; x_wconf 80' lang='lat' dir='ltr'>sormam</span> <span class='ocrx_word' id='word_1_155' title='bbox 654 3201 827 3298; x_wconf 87' lang='lat' dir='ltr'>gubernii</span> <span class='ocrx_word' id='word_1_156' title='bbox 844 3201 920 3298; x_wconf 85' lang='lat' dir='ltr'>jam</span> <span class='ocrx_word' id='word_1_157' title='bbox 939 3201 986 3275; x_wconf 92' lang='lat' dir='ltr'>de</span> <span class='ocrx_word' id='word_1_158' title='bbox 1006 3200 1103 3274; x_wconf 91' lang='lat' dir='ltr'>sacto</span> <span class='ocrx_word' id='word_1_159' title='bbox 1134 3200 1296 3275; x_wconf 88' lang='lat' dir='ltr'>stabiliti.</span> <span class='ocrx_word' id='word_1_160' title='bbox 1323 3200 1413 3274; x_wconf 91' lang='lat' dir='ltr'>Non</span> <span class='ocrx_word' id='word_1_161' title='bbox 1440 3227 1504 3275; x_wconf 88' lang='lat' dir='ltr'>ex·</span> 
     </span>
     <span class='ocr_line' id='line_1_23' title="bbox 243 3318 1504 3415; baseline 0.003 -25"><span class='ocrx_word' id='word_1_162' title='bbox 243 3332 317 3390; x_wconf 91' lang='lat' dir='ltr'>stat</span> <span class='ocrx_word' id='word_1_163' title='bbox 337 3318 566 3415; x_wconf 81' lang='lat' dir='ltr'>praescriptio</span> <span class='ocrx_word' id='word_1_164' title='bbox 580 3339 710 3393; x_wconf 88' lang='lat' dir='ltr'>contra</span> <span class='ocrx_word' id='word_1_165' title='bbox 731 3319 938 3394; x_wconf 88' lang='lat' dir='ltr'>Ecclesiam</span> <span class='ocrx_word' id='word_1_166' title='bbox 958 3321 1058 3405; x_wconf 87' lang='lat' dir='ltr'>;veri</span> <span class='ocrx_word' id='word_1_167' title='bbox 1088 3321 1190 3394; x_wconf 92' lang='lat' dir='ltr'>cives</span> <span class='ocrx_word' id='word_1_168' title='bbox 1226 3321 1386 3394; x_wconf 90' lang='lat' dir='ltr'>Romani</span> <span class='ocrx_word' id='word_1_169' title='bbox 1416 3339 1504 3394; x_wconf 92' lang='lat' dir='ltr'>sunt</span> 
     </span>
     <span class='ocr_line' id='line_1_24' title="bbox 243 3435 1501 3536; baseline 0.005 -29"><span class='ocrx_word' id='word_1_170' title='bbox 243 3435 446 3531; x_wconf 87' lang='lat' dir='ltr'>semperde</span> <span class='ocrx_word' id='word_1_171' title='bbox 452 3436 537 3533; x_wconf 90' lang='lat' dir='ltr'>jure</span> <span class='ocrx_word' id='word_1_172' title='bbox 556 3437 714 3535; x_wconf 89' lang='lat' dir='ltr'>subjecti</span> <span class='ocrx_word' id='word_1_173' title='bbox 732 3438 854 3534; x_wconf 88' lang='lat' dir='ltr'>Papae,</span> <span class='ocrx_word' id='word_1_174' title='bbox 868 3456 917 3524; x_wconf 91' lang='lat' dir='ltr'>et,</span> <span class='ocrx_word' id='word_1_175' title='bbox 940 3439 975 3512; x_wconf 91' lang='lat' dir='ltr'>in</span> <span class='ocrx_word' id='word_1_176' title='bbox 989 3438 1334 3536; x_wconf 85' lang='lat' dir='ltr'>pseudo-gubernio</span> <span class='ocrx_word' id='word_1_177' title='bbox 1361 3437 1501 3526; x_wconf 92' lang='lat' dir='ltr'>ltalico,</span> 
     </span>
     <span class='ocr_line' id='line_1_25' title="bbox 245 3551 1148 3653; baseline 0.004 -29"><span class='ocrx_word' id='word_1_178' title='bbox 245 3576 367 3650; x_wconf 90' lang='lat' dir='ltr'>neque</span> <span class='ocrx_word' id='word_1_179' title='bbox 393 3551 574 3628; x_wconf 87' lang='lat' dir='ltr'>electores</span> <span class='ocrx_word' id='word_1_180' title='bbox 602 3581 724 3652; x_wconf 91' lang='lat' dir='ltr'>neque</span> <span class='ocrx_word' id='word_1_181' title='bbox 750 3555 858 3631; x_wconf 88' lang='lat' dir='ltr'>electi</span> <span class='ocrx_word' id='word_1_182' title='bbox 878 3582 962 3630; x_wconf 87' lang='lat' dir='ltr'>esse</span> <span class='ocrx_word' id='word_1_183' title='bbox 982 3574 1148 3653; x_wconf 91' lang='lat' dir='ltr'>possunt.</span> 
     </span>
    </p>

    <p class='ocr_par' dir='ltr' id='par_1_5' title="bbox 243 3668 1504 4126">
     <span class='ocr_line' id='line_1_26' title="bbox 294 3668 1504 3760; baseline 0 -14"><span class='ocrx_word' id='word_1_184' title='bbox 294 3683 327 3746; x_wconf 89' lang='grc'>3.</span> <span class='ocrx_word' id='word_1_185' title='bbox 358 3668 465 3744; x_wconf 91' lang='lat' dir='ltr'>Sicut</span> <span class='ocrx_word' id='word_1_186' title='bbox 484 3698 557 3745; x_wconf 91' lang='lat' dir='ltr'>una</span> <span class='ocrx_word' id='word_1_187' title='bbox 586 3692 644 3747; x_wconf 91' lang='lat' dir='ltr'>est</span> <span class='ocrx_word' id='word_1_188' title='bbox 665 3672 846 3760; x_wconf 89' lang='lat' dir='ltr'>Ecclesia,</span> <span class='ocrx_word' id='word_1_189' title='bbox 868 3699 963 3746; x_wconf 92' lang='lat' dir='ltr'>unus</span> <span class='ocrx_word' id='word_1_190' title='bbox 983 3673 1167 3758; x_wconf 86' lang='lat' dir='ltr'>Christus,</span> <span class='ocrx_word' id='word_1_191' title='bbox 1189 3697 1285 3747; x_wconf 92' lang='lat' dir='ltr'>unus</span> <span class='ocrx_word' id='word_1_192' title='bbox 1307 3673 1422 3760; x_wconf 90' lang='lat' dir='ltr'>Deus,</span> <span class='ocrx_word' id='word_1_193' title='bbox 1454 3675 1504 3747; x_wconf 90' lang='lat' dir='ltr'>ita</span> 
     </span>
     <span class='ocr_line' id='line_1_27' title="bbox 243 3792 1499 3891; baseline 0.004 -29"><span class='ocrx_word' id='word_1_194' title='bbox 243 3807 281 3863; x_wconf 90' lang='lat' dir='ltr'>et</span> <span class='ocrx_word' id='word_1_195' title='bbox 300 3815 395 3864; x_wconf 91' lang='lat' dir='ltr'>unus</span> <span class='ocrx_word' id='word_1_196' title='bbox 424 3809 481 3865; x_wconf 93' lang='lat' dir='ltr'>est</span> <span class='ocrx_word' id='word_1_197' title='bbox 513 3792 624 3889; x_wconf 90' lang='lat' dir='ltr'>Papa,</span> <span class='ocrx_word' id='word_1_198' title='bbox 642 3819 715 3866; x_wconf 91' lang='lat' dir='ltr'>una</span> <span class='ocrx_word' id='word_1_199' title='bbox 744 3793 783 3868; x_wconf 88' lang='lat' dir='ltr'>S.</span> <span class='ocrx_word' id='word_1_200' title='bbox 815 3794 926 3869; x_wconf 87' lang='lat' dir='ltr'>Sedis</span> <span class='ocrx_word' id='word_1_201' title='bbox 945 3792 1107 3879; x_wconf 90' lang='lat' dir='ltr'>libertas,</span> <span class='ocrx_word' id='word_1_202' title='bbox 1143 3818 1216 3867; x_wconf 90' lang='lat' dir='ltr'>una</span> <span class='ocrx_word' id='word_1_203' title='bbox 1245 3792 1360 3867; x_wconf 89' lang='lat' dir='ltr'>tutela</span> <span class='ocrx_word' id='word_1_204' title='bbox 1394 3793 1499 3891; x_wconf 91' lang='lat' dir='ltr'>Ejus,</span> 
     </span>
     <span class='ocr_line' id='line_1_28' title="bbox 243 3908 1503 4007; baseline 0.004 -27"><span class='ocrx_word' id='word_1_205' title='bbox 243 3933 317 4004; x_wconf 88' lang='lat' dir='ltr'>qua</span> <span class='ocrx_word' id='word_1_206' title='bbox 334 3908 554 4007; x_wconf 88' lang='lat' dir='ltr'>“singulare</span> <span class='ocrx_word' id='word_1_207' title='bbox 569 3910 643 3985; x_wconf 89' lang='lat' dir='ltr'>Dei</span> <span class='ocrx_word' id='word_1_208' title='bbox 662 3912 899 3985; x_wconf 90' lang='lat' dir='ltr'>Providentis</span> <span class='ocrx_word' id='word_1_209' title='bbox 918 3911 1114 3986; x_wconf 91' lang='lat' dir='ltr'>consilium</span> <span class='ocrx_word' id='word_1_210' title='bbox 1126 3937 1210 3986; x_wconf 92' lang='lat' dir='ltr'>eam</span> <span class='ocrx_word' id='word_1_211' title='bbox 1225 3911 1403 3985; x_wconf 90' lang='lat' dir='ltr'>munitam</span> <span class='ocrx_word' id='word_1_212' title='bbox 1418 3937 1503 3986; x_wconf 89' lang='lat' dir='ltr'>esse</span> 
     </span>
     <span class='ocr_line' id='line_1_29' title="bbox 243 4023 522 4126; baseline 0.018 -30"><span class='ocrx_word' id='word_1_213' title='bbox 243 4023 410 4100; x_wconf 91' lang='lat' dir='ltr'>decrevit</span> <span class='ocrx_word' id='word_1_214' title='bbox 429 4024 473 4126; x_wconf 85' lang='lat'>(⁴)</span> <span class='ocrx_word' id='word_1_215' title='bbox 494 4027 522 4101; x_wconf 89' lang='lat'>&#39;’.</span> 
     </span>
    </p>

    <p class='ocr_par' dir='ltr' id='par_1_6' title="bbox 241 4143 1502 4479">
     <span class='ocr_line' id='line_1_30' title="bbox 296 4143 1502 4243; baseline 0.003 -27"><span class='ocrx_word' id='word_1_216' title='bbox 296 4143 373 4217; x_wconf 93' lang='lat' dir='ltr'>Ubi</span> <span class='ocrx_word' id='word_1_217' title='bbox 392 4169 483 4242; x_wconf 85' lang='lat' dir='ltr'>ergo</span> <span class='ocrx_word' id='word_1_218' title='bbox 512 4146 547 4217; x_wconf 92' lang='lat' dir='ltr'>in</span> <span class='ocrx_word' id='word_1_219' title='bbox 581 4147 744 4220; x_wconf 90' lang='lat' dir='ltr'>medium</span> <span class='ocrx_word' id='word_1_220' title='bbox 763 4147 950 4243; x_wconf 83' lang='lat' dir='ltr'>profertur</span> <span class='ocrx_word' id='word_1_221' title='bbox 972 4145 1132 4243; x_wconf 84' lang='lat' dir='ltr'>quaestio</span> <span class='ocrx_word' id='word_1_222' title='bbox 1152 4167 1202 4214; x_wconf 80' lang='lat' dir='ltr'>ou</span> <span class='ocrx_word' id='word_1_223' title='bbox 1222 4167 1502 4220; x_wconf 76' lang='lat' dir='ltr'>ausmwmouu</span> 
     </span>
     <span class='ocr_line' id='line_1_31' title="bbox 246 4261 1501 4364; baseline 0.003 -30"><span class='ocrx_word' id='word_1_224' title='bbox 246 4262 503 4338; x_wconf 72' lang='lat' dir='ltr'>Prurtcffnrus</span> <span class='ocrx_word' id='word_1_225' title='bbox 523 4264 561 4338; x_wconf 85' lang='lat' dir='ltr'>S.</span> <span class='ocrx_word' id='word_1_226' title='bbox 584 4265 710 4352; x_wconf 77' lang='lat' dir='ltr'>Surus,</span> <span class='ocrx_word' id='word_1_227' title='bbox 734 4291 807 4339; x_wconf 94' lang='lat' dir='ltr'>non</span> <span class='ocrx_word' id='word_1_228' title='bbox 826 4266 950 4364; x_wconf 87' lang='lat' dir='ltr'>agitur</span> <span class='ocrx_word' id='word_1_229' title='bbox 968 4265 1016 4337; x_wconf 93' lang='lat' dir='ltr'>de</span> <span class='ocrx_word' id='word_1_230' title='bbox 1031 4261 1156 4358; x_wconf 85' lang='lat' dir='ltr'>aliqua</span> <span class='ocrx_word' id='word_1_231' title='bbox 1173 4287 1220 4334; x_wconf 88' lang='lat' dir='ltr'>ex</span> <span class='ocrx_word' id='word_1_232' title='bbox 1236 4263 1402 4336; x_wconf 89' lang='lat' dir='ltr'>centenis</span> <span class='ocrx_word' id='word_1_233' title='bbox 1423 4265 1501 4338; x_wconf 90' lang='lat' dir='ltr'>istis</span> 
     </span>
     <span class='ocr_line' id='line_1_32' title="bbox 241 4377 1498 4479; baseline 0.002 -28"><span class='ocrx_word' id='word_1_234' title='bbox 241 4379 495 4475; x_wconf 89' lang='lat' dir='ltr'>querimoniis,</span> <span class='ocrx_word' id='word_1_235' title='bbox 514 4406 599 4478; x_wconf 81' lang='lat' dir='ltr'>quae</span> <span class='ocrx_word' id='word_1_236' title='bbox 630 4383 797 4479; x_wconf 90' lang='lat' dir='ltr'>quotidie</span> <span class='ocrx_word' id='word_1_237' title='bbox 824 4406 1019 4456; x_wconf 88' lang='lat' dir='ltr'>occurrere</span> <span class='ocrx_word' id='word_1_238' title='bbox 1037 4378 1160 4453; x_wconf 88' lang='lat' dir='ltr'>solent</span> <span class='ocrx_word' id='word_1_239' title='bbox 1180 4378 1216 4450; x_wconf 94' lang='lat' dir='ltr'>in</span> <span class='ocrx_word' id='word_1_240' title='bbox 1235 4377 1319 4451; x_wconf 89' lang='lat' dir='ltr'>aula</span> <span class='ocrx_word' id='word_1_241' title='bbox 1333 4380 1498 4476; x_wconf 86' lang='lat' dir='ltr'>justitiae,</span> 
     </span>
    </p>
   </div>
   <div class='ocr_carea' id='block_1_3' title="bbox 277 4560 951 4694">
    <p class='ocr_par' dir='ltr' id='par_1_7' title="bbox 277 4560 951 4694">
     <span class='ocr_line' id='line_1_33' title="bbox 280 4560 951 4694; baseline 0.007 -81"><span class='ocrx_word' id='word_1_242' title='bbox 280 4575 300 4614; x_wconf 90' lang='lat'>1.</span> <span class='ocrx_word' id='word_1_243' title='bbox 317 4560 407 4694; x_wconf 53' lang='grc' dir='ltr'>Ριίξίἑῑ.</span> <span class='ocrx_word' id='word_1_244' title='bbox 422 4562 459 4617; x_wconf 84' lang='lat' dir='ltr'>ad</span> <span class='ocrx_word' id='word_1_245' title='bbox 473 4564 568 4633; x_wconf 89' lang='lat' dir='ltr'>Episc.</span> <span class='ocrx_word' id='word_1_246' title='bbox 584 4565 714 4619; x_wconf 88' lang='lat' dir='ltr'>Cremon.</span> <span class='ocrx_word' id='word_1_247' title='bbox 728 4580 761 4617; x_wconf 89' lang='lat'>20</span> <span class='ocrx_word' id='word_1_248' title='bbox 771 4565 858 4634; x_wconf 82' lang='lat' dir='ltr'>April.</span> <span class='ocrx_word' id='word_1_249' title='bbox 877 4565 951 4632; x_wconf 84' lang='lat'>1889.</span> 
     </span>
     <span class='ocr_line' id='line_1_34' title="bbox 277 4655 394 4694; baseline 0.009 -1"><span class='ocrx_word' id='word_1_250' title='bbox 277 4655 302 4694; x_wconf 88' lang='lat'>2.</span> <span class='ocrx_word' id='word_1_251' title='bbox 359 4657 365 4693; x_wconf 91' lang='lat' dir='ltr'>t</span> <span class='ocrx_word' id='word_1_252' title='bbox 388 4681 394 4694; x_wconf 92' lang='lat'><strong>.</strong></span> 
     </span>
    </p>
   </div>
   <div class='ocr_carea' id='block_1_4' title="bbox 275 4720 844 4875">
    <p class='ocr_par' dir='ltr' id='par_1_8' title="bbox 275 4720 844 4875">
     <span class='ocr_line' id='line_1_35' title="bbox 276 4720 839 4793; baseline 0.011 -20"><span class='ocrx_word' id='word_1_253' title='bbox 276 4732 300 4787; x_wconf 86' lang='lat'>3.</span> <span class='ocrx_word' id='word_1_254' title='bbox 321 4720 613 4788; x_wconf 86' lang='lat' dir='ltr'>LeoX111,Allocut.</span> <span class='ocrx_word' id='word_1_255' title='bbox 629 4738 664 4791; x_wconf 86' lang='lat'>30</span> <span class='ocrx_word' id='word_1_256' title='bbox 678 4725 746 4779; x_wconf 84' lang='lat' dir='ltr'>Dec.</span> <span class='ocrx_word' id='word_1_257' title='bbox 765 4725 839 4793; x_wconf 87' lang='lat'>1889.</span> 
     </span>
     <span class='ocr_line' id='line_1_36' title="bbox 275 4799 844 4875; baseline 0.012 -23"><span class='ocrx_word' id='word_1_258' title='bbox 275 4813 302 4865; x_wconf 80' lang='lat'>4.</span> <span class='ocrx_word' id='word_1_259' title='bbox 320 4799 416 4856; x_wconf 84' lang='lat' dir='ltr'>Verba</span> <span class='ocrx_word' id='word_1_260' title='bbox 430 4800 534 4857; x_wconf 88' lang='lat' dir='ltr'>Leonis</span> <span class='ocrx_word' id='word_1_261' title='bbox 547 4802 634 4872; x_wconf 90' lang='lat' dir='ltr'>XIII,</span> <span class='ocrx_word' id='word_1_262' title='bbox 650 4818 660 4857; x_wconf 90' lang='lat'>1</span> <span class='ocrx_word' id='word_1_263' title='bbox 679 4804 752 4859; x_wconf 89' lang='lat' dir='ltr'>Nov.</span> <span class='ocrx_word' id='word_1_264' title='bbox 771 4804 844 4875; x_wconf 81' lang='lat'>1885.</span> 
     </span>
    </p>
   </div>
   <div class='ocr_carea' id='block_1_5' title="bbox 0 0 1752 5482">
    <p class='ocr_par' dir='ltr' id='par_1_9' title="bbox 0 0 1752 5482">
     <span class='ocr_line' id='line_1_37' title="bbox 0 0 1752 5482; baseline 0 2"><span class='ocrx_word' id='word_1_265' title='bbox 0 0 1752 5482; x_wconf 95' lang='lat' dir='ltr'> </span> 
     </span>
    </p>
   </div>
  </div>
 </body>
</html>
