3496 5482
310 451 326 456 ,-
339 447 593 456 ..νᾳ-*μυ
612 448 623 451 -=
652 447 666 451 -
705 446 721 450 ψ
753 444 1500 456 -α-φ--ῇ--ψ--ῇσ--ω-...σ--ᾞ

672 507 792 558 casua
821 507 1068 559 unuacrnun.
1432 512 1501 585 253

246 610 1128 621 m-ffl.—-——ae—-———-———--.„
1142 615 1274 622 μὴ

242 671 441 768 indigitare
460 684 595 764 potest.
628 711 677 722 -
700 667 790 739 Non
810 668 909 741 enim
942 667 1154 754 donatione,
1176 694 1251 744 non
1283 661 1405 756 a'rmis,
1427 694 1502 743 non

241 812 316 861 una
334 785 461 884 populi
493 783 763 859 acclamatione
794 782 852 857 vel
874 782 982 869 facto,
1017 784 1084 858 sed
1104 785 1244 858 sensim
1277 784 1359 861 sine
1377 812 1501 874 sensu,

241 903 559 1002 quemadmodum
575 900 741 999 perfecta
755 917 896 974 naturae
915 927 1030 999 opera
1045 901 1287 1000 explicantur,
1310 904 1504 980 Romanus

247 1022 422 1097 Pontifex
442 1020 637 1117 imperium
661 1019 778 1094 Urbis
798 1018 970 1094 obtinuit.

296 1150 317 1180 “
339 1141 391 1214 Et
409 1139 548 1214 addere
568 1137 623 1211 fas
658 1156 740 1213 est:
761 1137 1038 1236 Quodcumque
1056 1139 1155 1213 enim
1175 1139 1347 1214 humanae
1363 1143 1505 1238 sapien-

241 1261 303 1334 tz'oe
320 1285 362 1332 ac
370 1257 536 1356 politicae
556 1255 751 1330 consilium
771 1253 878 1329 aliter
895 1256 1050 1330 omnino
1068 1256 1261 1343 suadebat,
1278 1257 1348 1332 hoc
1368 1257 1505 1333 factum

242 1394 301 1452 est
321 1373 375 1476 (¹).
398 1375 415 1403 '⁹

292 1495 571 1592 Argumentum
609 1492 645 1565 in
682 1489 849 1565 favorem
889 1490 1177 1565 Providentialis
1212 1512 1315 1566 ortus
1337 1491 1505 1567 Dominii
1537 1527 1539 1530 >

242 1611 459 1709 temporalis
489 1610 527 1684 S.
550 1610 662 1684 Sedis
685 1608 895 1683 desumitur
926 1634 972 1683 ex
993 1610 1202 1686 intentione
1232 1609 1506 1709 supernaturali

243 1729 483 1805 manifestata
500 1729 548 1802 ab
566 1727 741 1802 omnibus
763 1725 1022 1801 fundatoribus
1041 1753 1108 1801 seu
1131 1729 1375 1803 donatoribus
1394 1728 1506 1827 hujus

245 1847 578 1922 Dominii.Omnes
597 1845 776 1943 deinceps
795 1843 1049 1920 characterem
1066 1844 1164 1920 hunc
1183 1844 1503 1943 supernaturalem

242 1966 441 2067 singularis
463 1964 715 2041 Providentiae
734 1964 771 2037 in
790 1964 1096 2040 constitutionem
1132 1964 1244 2063 hujus
1265 1965 1370 2063 regni
1388 1963 1505 2038 admi·

243 2086 311 2160 rati
330 2106 417 2159 sunt
434 2111 478 2159 ac
509 2081 845 2181 proclamaverunt,
879 2100 1066 2180 quotquot
1085 2081 1174 2156 illud
1206 2084 1340 2159 intenti
1360 2102 1448 2159 sunt
1466 2099 1504 2158 et

241 2203 341 2278 dona
359 2202 470 2277 donis
487 2200 723 2275 addiderunt.

296 2320 472 2418 Exempli
487 2345 599 2394 causa
616 2344 624 2393 :

294 2438 514 2512 Zaccharias
536 2448 556 2476 “
574 2462 642 2535 per
658 2436 817 2535 gratiam
832 2436 994 2532 Spiritus
1007 2437 1136 2512 Sancti
1148 2439 1167 2466 ”
1181 2438 1343 2513 obtinuit
1361 2464 1384 2512 a
1399 2437 1502 2513 Luit·

243 2556 388 2653 prando
418 2573 579 2652 quatuor
604 2554 784 2640 civitates,
816 2579 909 2652 quas
939 2554 1020 2652 ipse
1050 2574 1139 2631 ante
1168 2556 1358 2630 biennium
1377 2556 1503 2631 abstu-

243 2673 346 2749 lerat.

293 2838 344 2849 -
362 2793 578 2891 Stephanus
594 2792 632 2865 ll
652 2803 753 2889 “per
774 2791 848 2866 Dei
869 2810 998 2867 nutum
1015 2790 1216 2892 ”confugit
1235 2792 1282 2866 ad
1305 2792 1476 2889 Pipinum
1497 2818 1505 2880 ;

244 2938 330 2987 eum
350 2911 563 3009 imploravit
581 2928 622 2984 ut
641 2909 875 2997 Aristolfum,
897 2912 1102 2985 secundum
1123 2935 1380 2986 successorem
1402 2910 1505 2984 Luit·

244 3028 388 3126 prandi,
410 3027 458 3100 ad
477 3029 750 3103 restitutionem
769 3047 933 3128 cogeret.

298 3147 381 3220 Nec
412 3145 518 3220 aliter
549 3164 681 3243 postea
706 3146 776 3220 nisi
798 3157 819 3184 ⁴⁶
851 3146 1028 3221 instinctu
1060 3147 1268 3222 divinitatis
1297 3146 1315 3172 '’
1334 3163 1373 3221 et
1394 3156 1414 3186 “
1438 3170 1506 3244 per

247 3264 321 3339 Dei
343 3245 472 3337 nutum
492 3263 521 3349 '’,
543 3263 580 3336 id
599 3281 656 3338 est
683 3288 863 3362 expressa
881 3264 1072 3364 religionis
1091 3291 1203 3360 eausa
1229 3289 1272 3338 ac
1292 3263 1445 3349 ratione,
1468 3263 1504 3337 in

244 3381 512 3479 amplissimam
531 3380 800 3479 perfectionem
814 3383 894 3482 jam
920 3383 1131 3469 deductum,
1154 3382 1252 3456 hunc
1272 3380 1504 3478 politicarum

247 3528 369 3577 rerum
384 3502 553 3575 ordinem
569 3498 885 3574 confirmaverunt
904 3501 1067 3597 Pipinus,
1082 3501 1240 3599 ejusque
1255 3523 1502 3573 successores.

297 3620 492 3718 Siquidem
511 3638 549 3694 et
579 3619 674 3694 Otto
710 3618 918 3715 Imperator
936 3645 1116 3717 expresse
1144 3617 1347 3693 declaravit
1367 3616 1403 3690 in
1423 3617 1505 3714 ipso

246 3739 539 3815 confirmationis
557 3759 653 3824 actu,
687 3737 787 3834 quod
809 3750 829 3777 ‘⁸
850 3739 976 3812 divina
994 3739 1193 3813 ordinante
1226 3734 1467 3810 Providentia
1485 3735 1502 3763 '¹

247 3860 294 3933 ad
308 3858 344 3931 id
364 3875 588 3932 moveretur.
613 3856 740 3954 lnquit
758 3856 880 3930 enim:
901 3867 922 3895 ‘⁶
946 3857 989 3929 ln
1010 3857 1161 3931 nomine
1176 3855 1250 3931 Dei
1269 3853 1504 3951 omnipoten-

248 3975 305 4062 tis,
343 3976 472 4062 Patris,
492 3995 530 4049 et
561 3974 656 4061 Filii,
678 3992 715 4050 et
732 3974 894 4072 Spiritus
913 3975 1054 4050 Sancti.
1075 3974 1093 4002 ”
1111 4019 1162 4031 —
1182 3973 1269 4072 Ego
1301 3972 1408 4051 Otto.
1431 3969 1504 4044 Dei

247 4093 369 4192 gratia
390 4094 598 4189 Imperator
616 4110 807 4191 augustus,
828 4117 1004 4168 unacum
1035 4092 1180 4167 Ottone
1197 4091 1362 4190 glorioso
1384 4089 1501 4188 Rege,

252 4211 348 4286 Filio
378 4229 517 4296 nostro,
551 4208 718 4283 “divina
746 4210 943 4285 ordinante
966 4208 1207 4284 Providentia
1225 4208 1254 4292 '',
1275 4205 1505 4305 spondemus

249 4353 361 4429 atque
379 4330 642 4428 promittimus,
673 4353 740 4425 per
759 4329 829 4403 hoc
847 4347 997 4426 pactum
1029 4326 1324 4402 confirmationis
1355 4341 1504 4410 nostrae,

253 4462 271 4489 “
291 4451 367 4537 tibi,
394 4450 511 4523 Beato
533 4448 656 4532 Petr0,
681 4448 841 4544 Principi
859 4446 1114 4545 apostolorum
1135 4465 1173 4521 et
1191 4443 1381 4544 clavigero
1401 4441 1507 4541 regni

1326 4579 1510 4589 ω--η-ψ

290 4671 311 4712 1.
333 4656 485 4724 Pallottini,
499 4656 561 4711 Sar.
571 4661 599 4708 et
609 4655 691 4724 Imp„
706 4654 727 4722 l,
740 4655 784 4707 ch.
800 4665 819 4721 1,
832 4671 860 4707 a.
872 4667 896 4722 3,
904 4659 935 4708 n⁰
947 4653 1039 4720 4o48.
