3496 5482
1337 448 1497 456 ——-—

650 512 742 561 ΡΑΡΑ
769 511 830 561 SIT
857 511 932 560 REX
961 509 1088 560 ROMAE.

916 615 1108 622 -..-—--.a-

239 669 467 766 pendentem
487 670 523 743 in
542 695 659 758 cruce,
680 672 823 745 cunctis
842 671 1014 746 orbatum
1033 688 1147 768 atque
1165 670 1375 767 spoliatum,
1402 666 1500 742 salu·

240 788 356 864 tando
391 806 429 862 et
460 787 701 862 acclamando
742 815 858 864 eum:
896 790 1024 866 “Ave
1062 788 1196 875 Rabbi‚
1238 790 1322 863 Rex
1351 787 1500 884 Judaeo·

241 931 320 980 rum
337 903 404 1005 (Ἣ
423 906 441 934 ”

293 1024 345 1097 Et
364 1023 572 1122 tequidem
592 1048 690 1109 vera,
712 1024 845 1098 eodem
865 1041 960 1111 actu,
979 1050 1055 1122 quo
1083 1023 1262 1120 spoliatus
1281 1022 1349 1098 suit
1370 1022 1502 1097 Domi·

243 1143 304 1219 nio
323 1168 392 1217 suo
411 1143 526 1242 regio,
546 1167 783 1240 consequens
798 1161 888 1230 erat,
910 1162 950 1219 ut
971 1144 1073 1240 Papa
1091 1143 1265 1240 perderet
1283 1142 1398 1217 etiam
1410 1165 1503 1238 prae·

241 1263 393 1362 stigium
427 1260 525 1337 reale
570 1287 694 1346 omne,
714 1262 816 1357 quod
851 1262 1067 1336 humanitus
1107 1285 1283 1336 emanare
1323 1258 1419 1334 solet
1451 1284 1501 1333 ex

241 1381 323 1457 solo
344 1381 558 1476 Principatu
576 1397 614 1454 et
632 1379 889 1455 dominatione
907 1378 1017 1454 civili.
1040 1378 1153 1475 Quod
1173 1379 1204 1452 si
1231 1377 1339 1454 aliter
1355 1377 1498 1463 accidit,

241 1499 313 1575 hoc
328 1499 410 1597 ipso
428 1498 619 1595 provisum
634 1496 700 1571 luit
714 1523 736 1571 a
758 1498 925 1573 Numine
944 1497 1112 1581 Summo,
1128 1495 1230 1594 quud
1246 1497 1403 1572 irridens
1414 1521 1502 1570 con·

241 1617 333 1692 siliis
348 1617 521 1715 pessimis
540 1613 744 1701 hominum,
764 1641 872 1690 suum
892 1614 1134 1690 circumfulsit
1155 1614 1374 1690 Pontificem
1390 1613 1503 1687 radiis
1530 1702 1533 1707 ,

242 1734 471 1810 auctoritatis
490 1732 573 1831 plus
604 1760 716 1831 quam
749 1734 931 1822 humanae,
951 1753 992 1809 ut
1011 1735 1063 1809 ita
1088 1751 1126 1809 et
1157 1734 1317 1808 Romam
1346 1735 1503 1832 ejusque

246 1852 465 1928 Pontificem
485 1851 710 1950 relinqueret
729 1853 885 1950 populis,
907 1871 1084 1952 tanquam
1104 1852 1294 1927 civitatem
1319 1852 1355 1925 in
1375 1867 1503 1924 monte

243 1971 364 2058 sitam,
384 1971 431 2044 ad
465 1995 578 2068 quam
607 1994 740 2044 omnes
769 1971 972 2070 confugere
1000 1990 1039 2047 et
1065 1968 1265 2046 convolare
1293 1979 1447 2066 possent
1464 1985 1504 2041 et

243 2088 351 2164 simul
371 2088 681 2163 viam‘sterneret
698 2088 746 2162 ad
764 2089 961 2187 pristinum
988 2088 1206 2163 Dominium
1231 2086 1502 2162 restituendum

244 2209 313 2307 ipsi
333 2233 400 2305 pro
426 2207 528 2281 bono
546 2223 584 2280 et
603 2229 695 2301 pace
714 2207 946 2283 societatum.

296 2340 329 2401 5.
348 2325 423 2399 Hic
441 2323 544 2399 locus
565 2341 632 2410 est,
654 2341 693 2397 ut
711 2325 759 2399 de
784 2321 971 2423 ipsissima
989 2324 1092 2423 regia
1111 2341 1307 2422 potestate,
1332 2320 1503 2398 Pontifici

245 2444 424 2519 divinitus
435 2470 623 2530 concessa,
635 2443 775 2541 aliquid
788 2445 1260 2542 innuamus,quantumque
1274 2440 1505 2516 conveniens

246 2560 293 2635 sit
320 2561 440 2635 ordini
464 2560 729 2636 Providentiali
749 2562 785 2636 in
813 2563 1138 2637 conservationem
1169 2561 1391 2635 societatum
1411 2559 1505 2666 civi·

246 2677 335 2752 lium
355 2679 571 2755 indicemus.

303 2797 345 2870 ln
373 2797 615 2873 celeberrima
643 2798 690 2871 ad
717 2798 956 2873 Cardinalem
990 2799 1187 2897 Rampolla
1218 2798 1401 2896 Epistola,
1421 2821 1507 2894 quae

247 2913 353 3010 quasi
376 2916 494 2990 codex
524 2934 582 2990 est
607 2916 756 3012 jurium,
775 2917 1071 2993 vindicationum
1101 2936 1139 2992 et
1163 2915 1506 3014 expostulationum

250 3030 289 3105 S.
311 3030 431 3117 Sedis,
452 3033 590 3129 apertis
610 3033 734 3107 verbis
760 3033 839 3108 haec
859 3035 968 3110 docet
989 3036 1128 3109 Christi
1148 3036 1344 3109 Vicarius:
1365 3044 1385 3072 “
1402 3033 1507 3105 an·

250 3171 375 3222 Tenus
422 3150 570 3223 unicum
602 3177 678 3247 quo
709 3152 757 3225 ad
793 3153 984 3239 tuendam,
1015 3172 1055 3228 ut
1097 3155 1214 3240 decet,
1251 3154 1506 3226 Romanorum

253 3266 474 3340 Pontificum
493 3266 704 3345 libertatem
727 3271 854 3344 divina
887 3272 1131 3346 Providentia
1149 3297 1216 3345 usa
1243 3289 1311 3357 est,
1334 3269 1507 3352 medium,

251 3382 318 3457 suit
337 3384 504 3481 prolecto
526 3386 760 3484 Principatus
779 3413 908 3462 corum
930 3390 1067 3488 regius.
1081 3390 1134 3461 ld
1148 3390 1321 3463 uniwrsa
1340 3386 1512 3460 Ecclesia

250 3501 408 3576 historia
421 3512 589 3577 testatur.

306 3619 393 3693 Hoc
408 3621 617 3696 estfactum
632 3642 784 3708 certum,
800 3624 848 3696 ab
863 3625 1036 3697 omnibus
1051 3623 1158 3697 seriis
1173 3623 1359 3697 historicis
1376 3620 1512 3695 admis-

252 3763 344 3820 sum,
366 3740 535 3812 unionem
545 3741 733 3829 potestatis
749 3744 963 3837 temporalis
980 3768 1062 3813 cum
1074 3744 1272 3838 spirituali
1283 3744 1324 3816 in
1347 3742 1514 3814 Romano

252 3855 442 3947 Pontifici,
475 3867 598 3931 notam
616 3858 784 3931 exhibere
814 3860 1012 3954 quamdam
1029 3859 1357 3954 supralaumanum,
1378 3866 1412 3930 et
1434 3883 1515 3954 quce

251 3999 465 4047 concursum
483 3975 672 4070 specialem
690 3976 835 4049 denotat
852 3976 989 4049 divinia
1010 3977 1271 4052 Providentia.

307 4091 404 4164 Tam
423 4093 578 4165 evidens
599 4108 656 4165 est
676 4092 812 4165 sactum
829 4091 915 4166 illud
935 4094 1153 4168 historicum
1167 4094 1269 4190 quod
1289 4093 1348 4167 vel
1370 4091 1515 4167 hareti-

255 4235 337 4283 cum
359 4210 576 4306 scriptorem
592 4210 729 4283 Guizot
748 4211 946 4284 attonitum
963 4211 1094 4297 effecit,
1111 4213 1216 4309 cujus
1236 4231 1389 4308 praestat
1408 4210 1514 4307 ipsis-

256 4328 350 4400 sima
369 4327 484 4400 verba
503 4329 539 4400 in
559 4327 685 4424 lingua
704 4353 832 4401 eorum
852 4328 1021 4426 originali
1043 4330 1207 4404 referre:
1242 4341 1262 4368 “
1278 4330 1436 4403 L'union
1464 4328 1514 4401 du

256 4444 415 4541 pouvoir
433 4444 599 4541 spirituel
618 4464 655 4519 et
675 4446 724 4518 du
744 4446 902 4541 pouvoir
917 4447 1098 4542 temporel
1119 4447 1213 4521 dans
1228 4447 1262 4521 la
1281 4448 1443 4545 papaute
1458 4446 1516 4521 n’a

297 4677 318 4717 1.
330 4663 393 4717 Van
403 4665 520 4732 Duerm,
539 4664 724 4731 Victi-situdes‚
737 4669 794 4732 etc„
807 4681 832 4735 p.
847 4678 906 4734 430.
