3496 5482
632 551 782 611 ¹cavus
809 551 1016 603 senrruuu.
1405 536 1474 622 165

212 713 361 799 siverat,
384 734 537 790 nuncet
557 716 637 813 ipse
655 741 832 791 coronam
852 716 922 790 sibi
937 717 1082 804 auferri,
1099 742 1256 817 regnum
1277 714 1470 804 Gallorum

212 832 330 906 scindi
351 834 493 931 absque
507 833 580 908 ulla
596 835 873 910 interventione
890 836 1055 933 Europae
1080 837 1186 910 brevi
1205 855 1474 934 conspecturus

212 967 302 1036 erat,
323 970 361 1026 et
380 972 599 1049 praetereaa
623 953 866 1027 Massonibus
896 979 938 1027 se
968 973 1140 1029 coactum
1163 955 1204 1028 iri
1230 973 1269 1030 ut
1300 955 1474 1030 cohortes

212 1095 299 1145 suas
319 1070 475 1146 militum
498 1074 620 1146 Roma
639 1092 832 1179 revocaret
856 1073 1077 1173 Urbemque
1105 1077 1284 1151 inermem
1304 1073 1473 1174 impiissi·

214 1187 285 1262 mis
305 1191 417 1264 sectis
436 1190 551 1265 daret.

265 1310 337 1383 Ast
357 1335 404 1383 ne
422 1335 660 1408 praepropere
679 1312 926 1409 procedamus
952 1312 987 1386 in
1007 1313 1243 1410 exponendis
1262 1309 1364 1388 hisce
1386 1315 1473 1389 Pro-

213 1429 391 1505 videntiae
404 1431 555 1531 judiciis
573 1449 686 1530 atque
712 1432 1032 1531 castigationibus,
1052 1431 1246 1508 Gallorum
1277 1433 1473 1530 imperato-

215 1549 263 1623 ris
289 1551 588 1649 Massonumque
609 1552 751 1626 insidiis
769 1580 776 1626 :
798 1563 817 1591 ‘⁶
836 1553 919 1626 Per
933 1566 1014 1650 q'uce
1030 1554 1115 1652 quis
1123 1564 1250 1650 peccat
1259 1564 1334 1650 per
1349 1553 1423 1628 dac
1440 1562 1474 1629 et

213 1676 413 1763 torquetur.
436 1669 454 1698 ”
514 1655 516 1658 ,
1324 1683 1331 1695 ‘
1395 1666 1397 1668 ’

268 1799 317 1861 19.
350 1788 625 1887 Prosequamur
653 1813 875 1887 magnorum
894 1787 1040 1863 illorum
1072 1805 1276 1864 eventuum
1303 1789 1473 1865 ordinem

215 1901 532 2006 chronologicum.
560 1893 562 1900 ¹

267 2025 488 2102 Convocato
535 2027 692 2103 concilio
737 2027 978 2113 oecumenic0,
1016 2052 1091 2124 quo
1136 2027 1301 2129 apertius
1343 2027 1475 2125 hydria

215 2145 444 2221 naturalismi
457 2148 727 2247 profligaretur,
745 2146 1013 2246 proclamatum
1027 2147 1103 2234 fuit,
1121 2147 1181 2221 die
1202 2150 1243 2220 18
1258 2147 1345 2245 Julii
1369 2152 1473 2242 1870,

216 2262 355 2364 dogma
388 2266 657 2342 infallibilitatis
689 2267 729 2342 S.
762 2266 951 2341 Pontificis
983 2293 1031 2341 ex
1058 2266 1235 2342 cathedra
1278 2266 1484 2364 loquentis.

216 2407 298 2456 cum
327 2387 500 2481 sequenti
528 2412 619 2460 vero
646 2386 717 2473 die,
744 2411 797 2485 19,
818 2410 969 2484 sparsus
1002 2385 1069 2460 suit
1096 2410 1222 2459 rumor
1240 2384 1326 2460 belli
1350 2385 1476 2460 indicti

216 2496 313 2577 inter
332 2503 527 2604 imperium
548 2505 733 2580 Gallicum
752 2524 789 2580 et
813 2531 970 2605 regnum
994 2505 1181 2581 Borussiae
1213 2523 1250 2580 et
1269 2495 1344 2580 non
1363 2505 1478 2605 longo

219 2637 388 2721 tempore
407 2642 492 2723 post
510 2624 635 2698 clades
655 2624 759 2698 illius.

270 2740 539 2839 Supersessum
576 2744 689 2842 igitur
735 2760 793 2818 est
828 2744 1060 2818 oecumenico
1102 2741 1269 2817 concilio
1328 2742 1477 2818 Interea

218 2875 342 2933 tamen
373 2861 549 2936 insidiose
581 2861 847 2936 venumdando
878 2861 1104 2961 adjutorium
1134 2886 1243 2935 suum
1275 2860 1313 2937 in
1352 2861 1476 2935 futuro

217 2976 325 3065 bello,
360 3004 516 3078 regnum
538 2979 784 3076 Subalpinum
805 2979 893 3053 nihil
926 3004 1000 3053 non
1020 2978 1097 3077 egit
1128 2994 1178 3065 ut,
1200 2977 1367 3053 obtentis
1394 2977 1475 3076 jam

218 3101 409 3197 promissis
424 3099 478 3201 (¹),
501 3101 703 3199 imperator
714 3101 908 3176 Gallorum
923 3100 1010 3175 dein
1028 3099 1130 3174 hisce
1149 3098 1342 3197 promissis
1360 3114 1476 3175 staret
1586 3121 1590 3126 ⁴

215 3218 486 3318 cohortemque
522 3227 622 3296 6000
657 3219 850 3294 hominum
887 3220 924 3293 in
958 3217 1120 3294 Galliam
1157 3234 1350 3293 revocaret
1385 3216 1475 3314 quin

216 3354 345 3414 tamen
366 3340 450 3416 ideo
469 3341 703 3439 occupationi
726 3340 842 3416 Urbis
861 3339 970 3440 plane
989 3338 1224 3414 concederet.
1296 3366 1299 3379 ¹

271 3457 465 3532 Revocato
496 3458 609 3558 igitur
647 3459 820 3533 Romano
855 3457 1033 3544 exercitu,
1073 3482 1157 3530 cum
1193 3455 1354 3530 subinde
1388 3472 1475 3552 post
1560 3554 1564 3563 Ι

216 3573 361 3648 cladem
388 3576 545 3673 primam
574 3576 788 3651 immediate
818 3577 1056 3651 subsecutam
1087 3573 1265 3649 auxilium
1297 3573 1346 3648 ab
1367 3571 1476 3647 ltalia
1512 3659 1514 3662 ¹

216 3711 361 3788 peteret
383 3692 556 3791 Napoleo
572 3695 782 3791 imperator,
803 3721 878 3769 vox
897 3696 979 3792 ejus
993 3712 1106 3791 atque
1127 3693 1258 3767 iterata
1277 3691 1475 3790 promissio

215 3829 278 3886 aut
297 3813 420 3909 potius
452 3811 636 3887 imbecilla
667 3812 889 3911 supplicatio
909 3812 1075 3887 inaudita
1105 3811 1293 3897 remansit,
1315 3825 1475 3885 tantum·

215 3955 289 4026 que
307 3949 442 4006 sectas.
461 3932 603 4007 monuit
626 3933 707 4030 jam
726 3932 861 4007 adesse
890 3951 1038 4030 tempus
1057 3957 1132 4028 quo
1163 3930 1304 4018 nefaria
1321 3930 1476 4005 consilia

218 4050 379 4123 Romam
398 4050 604 4148 occupandi
624 4068 661 4124 et
697 4049 917 4125 Pontificem
936 4048 1121 4148 spoliandi
1141 4048 1353 4124 executioni
1373 4073 1474 4123 man·

215 4165 357 4242 darent.
1028 4188 1030 4194 ·

266 4285 328 4359 Sic
360 4311 451 4386 ergo
480 4312 563 4360 cum
598 4287 720 4360 Roma
749 4285 946 4384 tranquilla
978 4311 1068 4383 pace
1097 4284 1298 4379 frueretur,
1322 4301 1473 4380 sumpta

215 4407 494 4504 opportunitate
529 4407 796 4483 humiliationis
834 4407 976 4494 Galliae,
1021 4404 1246 4503 violatisque
1281 4402 1474 4502 promissis

252 4581 273 4620 1.
295 4568 348 4621 Per
361 4566 579 4621 conventionem
593 4566 649 4621 diei
667 4579 697 4635 15
713 4567 863 4637 Sept.1864
873 4567 932 4635 jam
946 4573 1127 4620 concesserat
1141 4561 1348 4633 protectionem
1361 4559 1477 4615 Pontifi-

216 4646 576 4795 ῗὲῐὲἒὶῖᾷτοῖἰὶἰε)ὴοεῑίϋ
608 4646 756 4702 Sardiniae.
779 4647 847 4712 (Cir.
871 4645 949 4698 Hist.
968 4646 1002 4700 de
1026 4645 1137 4699 dinvas.
1172 4643 1220 4697 des
1253 4625 1339 4696 Iz‘tats
1356 4640 1474 4713 Ponnl,
