3496 5482
541 658 543 663 .
642 580 764 632 caput
792 580 1013 633 SECUNDUM,
1415 583 1464 656 35.

202 741 283 820 illos
295 769 531 842 nequaquam
543 744 656 818 luisse
668 743 835 839 hospites
846 743 1353 841 regumGalliae;habitabant
1363 747 1462 819 enim

201 861 237 934 in
252 861 412 947 civitate,
425 879 512 959 'quae
524 880 612 935 tunc
627 861 806 957 temporis
825 861 873 933 ad
892 862 1098 935 dominium
1116 861 1155 937 S.
1172 863 1283 955 Sedis
1303 863 1467 960 pertine·

201 975 275 1052 bat'.
292 974 327 1052 N
335 978 547 1054 ihilominus
567 975 645 1053 baec
667 978 936 1054 mansio'extra
952 980 1111 1054 Rom-am
1128 979 1300 1054 fuitvera
1314 980 1466 1056 calami-³

202 1115 268 1170 tas.
288 1097 341 1172 Ut
361 1093 466 1172 notat
481 1094 672 1182 Wouters,
695 1096 872 1171 Clemens
888 1098 934 1182 V,
956 1098 1107 1172 natione
1129 1097 1269 1184 Gallus,
1291 1099 1463 1196 quamdis

202 1234 242 1289 ut
276 1216 311 1289 in
349 1214 494 1289 ltaliam
514 1214 810 1312 proficisceretur
838 1243 859 1288 a
888 1215 1135 1288 cardinalibus
1168 1216 1404 1314 efflagitatus
1427 1219 1469 1292 in*

203 1335 335 1409 Galliis
364 1334 584 1409 commorari
619 1331 757 1421 maluit,
788 1361 835 1409 co
867 1335 967 1431 quod
996 1335 1104 1408 ltalia
1122 1355 1222 1411 esset
1242 1336 1468 1412 factionibus·

202 1453 426 1550 perturbata,
454 1472 492 1527 et
519 1453 648 1528 sedem
669 1453 927 1551 Apostolicam
948 1452 1135 1528 transtulit
1154 1453 1404 1542 Avenionem,
1426 1455 1470 1529 in:

202 1596 275 1668 qua
294 1571 386 1647 urbe
415 1573 523 1645 annis
554 1572 699 1648 circiter
728 1572 978 1672 septuaginta,
1005 1599 1077 1647 non
1097 1573 1178 1647 sine
1201 1599 1334 1672 magno
1351 1575 1463 1649 detri-

202 1699 319 1764 mento
341 1690 403 1764 rei
424 1690 640 1764 christianae
661 1700 697 1764 et
715 1692 824 1790 pacis
839 1692 999 1789 publt'cae
1023 1693 1064 1766 in
1094 1693 1224 1778 ltalia,
1245 1689 1467 1790 permansit·

205 1807 306 1881 Nam
326 1826 437 1883 antea
466 1808 668 1884 Pontifices
689 1808 823 1883 Romae
840 1809 1027 1895 sedentes
1046 1808 1180 1884 nullius
1200 1810 1299 1909 regis
1318 1806 1465 1910 legibus

202 1925 366 2012 obnoxii,
391 1925 598 2000 Ecclesiam
620 1922 832 2001 universam
852 1926 1003 2001 liberius
1024 1928 1296 2026 gubernabant,
1328 1929 1464 2003 Princi-

202 2043 321 2140 pibus,
352 2043 499 2141 populis
529 2070 571 2118 ac
603 2045 779 2119 universo
811 2063 991 2120 terrarum
1024 2046 1105 2119 orbi
1138 2045 1242 2145 leges
1259 2046 1465 2133 dictabant,

203 2165 404 2261 praesentia
422 2190 491 2238 sua
509 2164 688 2239 factiones
707 2157 744 2238 in
767 2165 874 2239 ltalia
893 2167 1126 2242 coercebant.
1155 2168 1217 2240 Ex
1245 2192 1321 2265 quo
1340 2186 1465 2241 autem

203 2298 309 2356 extra
332 2279 451 2356 ltaliae
475 2281 570 2356 fines
591 2283 845 2370 versabantur,
876 2284 989 2379 Papae
1007 2282 1090 2381 plus
1110 2285 1282 2359 minusve
1302 2278 1469 2359 Franco·'

203 2424 283 2473 rum
304 2400 454 2498 regibus
470 2399 617 2475 suerunt
636 2400 822 2489 obstricti;
854 2400 1092 2475 factiosorum
1112 2402 1149 2475 in
1172 2400 1280 2476 Italia
1312 2401 1468 2477 audacia

204 2536 312 2591 aucta
329 2536 401 2603 est;
425 2513 646 2598 Pontificum
665 2519 867 2594 auctoritas
896 2537 1010 2617 atque
1029 2519 1209 2595 mandata
1229 2546 1251 2594 a
1273 2520 1463 2607 Romanis,

207 2634 311 2709 Italis
324 2634 480 2733 aliisque
502 2635 664 2734 Europae
683 2636 830 2733 populis
849 2637 970 2711 minus
984 2655 1159 2714 venerata
1175 2657 1273 2726 sunt;
1293 2637 1355 2712 vix
1368 2634 1465 2712 ullos

203 2752 439 2827 editionibus
457 2755 639 2829 Romanae
653 2753 833 2830 Ecclesiae
845 2754 1011 2830 redditus
1025 2755 1285 2852 percipientes,
1294 2755 1340 2830 ad
1355 2753 1462 2831 taxas

204 2871 270 2946 seu
294 2872 509 2947 exactiones
528 2873 851 2960 extraordinarias,
872 2892 1039 2961 armatas,
1056 2875 1323 2972 expectativas,
1345 2900 1461 2950 reser-

204 2988 817 3090 vationes‚provisionesurgendas
831 2992 1055 3078 coactisunt;
1070 3017 1274 3090 eorumque
1289 2993 1338 3067 ab
1356 2991 1463 3068 Urbe

204 3106 373 3181 absentia
391 3108 676 3182 contemnendae
695 3108 882 3183 residendi
902 3107 996 3208 legis
1018 3111 1254 3185 occasionem
1274 3109 1462 3185 nonnullis

206 3223 425 3322 praesulibus
444 3225 603 3322 praebuit
623 3223 676 3326 (¹).

257 3342 369 3418 Certe
385 3343 585 3420 Pontifices
603 3346 666 3444 qui
680 3345 860 3421 sederunt
874 3347 1075 3422 Avenioue
1088 3346 1373 3445 permanserunt
1391 3347 1463 3422 Ur·

206 3460 264 3534 bis
281 3480 319 3536 et
340 3459 519 3537 Ecclesiae
540 3462 722 3538 Romanae
743 3464 934 3562 Episcopi,
949 3485 986 3540 et
1005 3465 1246 3541 Pontificatus
1260 3491 1462 3564 numquam

207 3577 275 3653 luit
301 3579 507 3678 disjunctus
525 3581 573 3654 ab
595 3581 826 3679 Episcopatu
844 3584 1018 3657 Romano
1034 3614 1042 3672 ;
1058 3584 1124 3658 sed
1145 3585 1256 3658 nimis
1274 3604 1380 3659 erant
1400 3609 1464 3659 ne·

205 3699 317 3799 gotiis
335 3700 428 3774 aulae
456 3701 487 3774 F
492 3700 626 3775 ranciae
651 3700 811 3777 lacessiti
832 3703 1016 3801 nimisque
1036 3703 1154 3778 Gallis
1179 3703 1328 3779 addicti.
1350 3704 1464 3800 Quod

206 3836 243 3892 et
262 3817 414 3892 historia
446 3836 592 3894 constat
611 3819 647 3893 in
681 3845 754 3917 qua
784 3820 960 3895 Clemens
980 3822 1015 3894 V
1035 3823 1151 3896 fertur
1168 3823 1298 3897 decem
1318 3847 1464 3897 creasse

207 3937 421 4024 cardinales
439 3937 536 4013 inter
551 3965 646 4037 quos
667 3965 803 4014 novem
819 3967 866 4014 ex
882 3939 1005 4014 Gallia
1019 3958 1140 4028 erant;
1155 3962 1193 4015 et
1211 3941 1291 4015 haec
1309 3942 1462 4028 mansio,

207 4055 456 4155 stigmatizata
476 4057 600 4144 luisse,
620 4057 823 4157 etquidem
838 4058 934 4156 jure
953 4060 1096 4146 merit0,
1118 4078 1157 4133 ut
1176 4059 1374 4156 captivitas
1397 4061 1465 4134 Ba·

207 4172 387 4270 bylonica.
410 4169 568 4265 Coelitus
587 4201 654 4272 per
681 4196 829 4251 sanctas
863 4177 1059 4276 Eirgittam
1079 4195 1117 4251 et
1137 4176 1378 4252 Catharinam
1399 4180 1464 4254 Se·

209 4316 362 4367 nensem
381 4293 572 4379 admoniti,
594 4292 745 4368 tandem
769 4293 946 4367 Urbanus
966 4295 1000 4367 V
1018 4296 1066 4368 ad
1085 4314 1233 4391 tempus
1252 4312 1407 4380 tantum,
1428 4314 1466 4369 et

210 4408 415 4509 Gregorius
445 4411 503 4485 XI
534 4411 727 4487 definitive
762 4413 893 4486 Romae
925 4412 964 4486 S.
996 4412 1136 4486 Sedem
1170 4413 1411 4487 restituerunt
1429 4430 1467 4488 et

209 4527 407 4604 calamitati
428 4530 540 4605 finem
557 4533 824 4629 imposuerunt.

210 4746 229 4792 l·
294 4754 379 4808 29³8·
392 4752 451 4807 397·
