3496 5482
327 570 376 655 46
736 588 829 638 rnna
857 587 916 639 srr
943 588 1019 638 nex
1048 589 1174 640 noun.

329 749 540 823 Damnatus
559 766 616 823 est
636 750 672 822 in
691 751 838 847 synodo
856 750 1088 825 oecumenica
1104 751 1350 826 Lateranensi
1374 751 1444 825 sub
1475 752 1585 826 Inno-

324 868 448 959 centio
471 869 546 955 ΙΙΙ,
566 894 665 942 anno
690 894 794 964 1139.
811 914 860 926 -
878 871 993 944 Anno
1014 894 1105 944 vero
1130 891 1221 964 1145
1243 869 1314 943 sub
1328 870 1504 969 Eugenio
1522 871 1583 945 Ill

325 985 361 1059 in
385 968 533 1061 Urbem
553 987 700 1083 irrepsit
719 988 817 1062 idem
837 988 1036 1075 Arnaldus,
1057 986 1303 1086 proclamavit
1328 990 1584 1064 renovandum

324 1129 408 1191 esse
427 1103 664 1201 Capitolium,
686 1106 940 1180 renovandam
958 1106 1180 1204 dignitatem
1199 1104 1437 1194 senatoriam,
1458 1107 1586 1184 docuit

325 1225 361 1297 in
380 1222 626 1322 dispositione
648 1226 764 1301 Urbis
789 1226 839 1300 nil
858 1227 905 1302 ad
927 1228 1138 1302 Romanum
1160 1245 1332 1325 spectare
1353 1228 1584 1316 Pontificem,

323 1342 381 1416 cui
400 1341 571 1419 sufficere
589 1344 745 1419 deberet
762 1345 963 1443 spiritualis
986 1364 1154 1443 potestas
1173 1344 1262 1420 sola.
1288 1345 1413 1441 Quem
1433 1364 1587 1444 propter

324 1486 487 1536 errorem
515 1460 681 1559 aliasque
695 1463 857 1538 haereses
871 1465 1062 1561 multaque
1089 1465 1243 1539 crimina
1271 1465 1317 1538 ad
1346 1490 1478 1565 rogum
1507 1485 1584 1541 tan·

323 1578 410 1653 dem
439 1579 637 1655 damnatus
668 1598 726 1655 est
760 1580 951 1656 Arnaldus
983 1578 1202 1680 cineresque
1232 1583 1314 1681 ejus
1345 1582 1382 1656 in
1415 1581 1584 1658 Tiberim

323 1714 410 1771 sunt
429 1696 584 1796 projecti
603 1694 658 1797 (¹).

376 1818 412 1892 N
418 1816 556 1893 icolaus
579 1818 640 1892 ΙΙΙ
665 1817 933 1894 constitutione
950 1819 1213 1893 Fundamenta
1239 1819 1441 1893 militantis
1458 1819 1583 1893 Eccl·
1679 1879 1684 1890 .

322 1939 394 2026 siae,
403 1938 451 2013 de
463 1938 523 2012 die
540 1940 582 2011 18
594 1936 681 2034 Julii
701 1941 805 2032 1278,
820 1965 990 2013 secessus
1003 1939 1241 2015 Constantini
1258 1940 1391 2039 Magni
1410 1928 1459 2014 ab
1476 1940 1583 2014 Urbe

324 2073 363 2131 et
390 2056 483 2130 initii
505 2055 702 2153 potestatis
732 2055 947 2155 temporalis
976 2057 1016 2133 S.
1037 2057 1148 2132 Sedis
1180 2057 1250 2133 hoc
1282 2059 1450 2156 assignat
1477 2058 1583 2132 moti·

324 2202 430 2250 vum:
445 2188 466 2215 “
483 2176 573 2250 Non
587 2178 732 2276 justum
752 2178 947 2266 arbitrans,
963 2196 1003 2253 ut
1022 2178 1084 2252 ubi
1100 2178 1312 2253 Sacerdotii
1332 2178 1584 2275 Principatum

324 2310 362 2369 et
379 2293 591 2368 christianae
612 2295 820 2395 Religionis
844 2296 970 2393 Caput
1001 2296 1212 2394 Imperator
1230 2295 1394 2371 coelestis
1414 2295 1581 2381 instituit,

324 2409 396 2486 illic
431 2412 634 2509 imperator
678 2430 847 2489 terrenus
888 2413 1025 2488 habeat
1062 2430 1308 2510 potestatem;
1344 2413 1430 2510 quia
1462 2412 1582 2511 magis

323 2529 405 2627 ipsa
438 2529 538 2604 Petri
571 2529 690 2605 Sedes
720 2531 759 2604 in
789 2531 959 2606 Romano
983 2531 1074 2629 jam
1097 2531 1256 2628 proprio
1285 2531 1374 2604 solio
1405 2528 1585 2604 collocata

323 2647 490 2722 libertate
507 2648 624 2744 plena
653 2647 689 2721 in
708 2649 787 2723 suis
809 2648 966 2748 agendis
985 2673 1052 2745 per
1069 2648 1195 2722 omnia
1213 2648 1406 2746 potiretur,
1427 2647 1583 2728 necnlli

322 2765 474 2840 subesset
502 2764 654 2853 homini,
683 2792 768 2864 quae
790 2767 877 2866 jure
904 2767 1034 2841 divino
1061 2765 1206 2841 cunctis
1232 2765 1473 2864 cognoscitur
1500 2790 1584 2840 esse

324 2881 488 2980 praelata.
509 2881 528 2910 '¹

375 3003 490 3077 Anno
527 3006 630 3096 1418,
664 3004 831 3079 damnati
863 3022 951 3078 sunt
982 3030 1015 3077 a.
1036 3002 1195 3079 concilio
1227 3001 1508 3077 Constantiensi
1546 3018 1584 3075 et

328 3121 495 3195 Martino
524 3120 561 3192 V
591 3146 659 3218 per
687 3120 825 3195 bullam
856 3122 967 3195 Inter
988 3130 1143 3207 cunctas,
1177 3118 1322 3194 articuli
1350 3141 1397 3214 45
1426 3117 1583 3216 Joannis

323 3237 487 3325 Wildefs,
501 3264 659 3336 quorum
673 3264 693 3334 3
699 3253 755 3334 3υς
766 3239 818 3314 sic
838 3259 963 3315 sonat:
978 3251 998 3279 “
1019 3238 1213 3337 Sylvester
1229 3241 1332 3336 Papa
1343 3256 1382 3313 et
1397 3239 1582 3313 Constan-

324 3360 423 3434 tinus
442 3358 644 3456 imperator
662 3379 893 3447 erraverunt,
916 3358 1126 3434 Ecclesiam
1145 3359 1323 3433 dotando
1346 3360 1364 3386 ''

376 3476 630 3554 Celeberrima
643 3495 701 3552 est
713 3479 865 3576 antiqua
879 3477 979 3553 bulla
990 3479 1040 3551 ln
1056 3477 1168 3552 Coena
1182 3477 1354 3563 Domini,
1368 3501 1452 3573 quae
1471 3475 1584 3549 habet

326 3594 341 3698 ξ
362 3622 433 3672 20:
454 3607 475 3635 ‘⁶
496 3595 877 3670 Excommunicamus
895 3616 933 3671 et
951 3595 1309 3670 anathematizamus
1336 3619 1468 3669 omnes
1488 3592 1580 3677 illos,

325 3715 388 3812 qui
407 3739 474 3813 per
491 3740 542 3800 se,
563 3739 631 3788 seu
649 3712 750 3800 alios,
771 3714 912 3789 directe
943 3713 1003 3788 vel
1034 3714 1224 3799 indirecte,
1244 3712 1315 3787 sub
1347 3733 1583 3811 quocumque

326 3833 434 3908 titulo
451 3833 512 3909 vel
543 3832 677 3918 colore,
699 3833 887 3919 invadere,
910 3833 1115 3920 destruere,
1137 3858 1319 3930 occupare
1348 3848 1385 3905 et
1416 3829 1586 3904 detinere

325 3952 639 4051 praesumpserint,
661 3952 697 4024 in
718 3969 836 4026 totum
856 3951 915 4026 vel
937 3953 972 4025 in
992 3970 1136 4050 partem
1150 3950 1300 4025 Almam
1319 3951 1523 4035 Urbem...
1543 3963 1585 4027 ,et

324 4067 416 4142 alias
434 4070 614 4156 civitates,
636 4087 753 4142 terras
785 4085 823 4144 et
853 4067 935 4154 loca
968 4068 1027 4142 vel
1050 4069 1141 4167 ,jura
1160 4067 1207 4141 ad
1227 4068 1346 4163 ipsam
1371 4068 1582 4149 Romanam

328 4185 535 4261 Ecclesiam
555 4186 789 4284 pertinentia,
810 4186 1200 4285 dictaequeRomanae
1223 4183 1403 4261 Ecclesiae
1422 4182 1584 4261 mediate

325 4296 390 4377 vel
404 4303 618 4379 immediate
632 4304 801 4403 subjecta
810 4332 818 4393 ;
838 4329 984 4379 necnon
998 4328 1216 4402 supremam
1232 4300 1583 4401 jurisdictionemin

324 4418 394 4493 illis
422 4421 539 4509 nobis,
573 4440 611 4497 et
640 4422 763 4497 eidem
797 4422 979 4497 Romanae
1011 4420 1192 4495 Ecclesiae
1225 4437 1503 4518 competentem
1536 4416 1585 4489 de

324 4539 422 4615 lacto
441 4567 628 4639 usurpare,
649 4541 878 4638 perturbare,
899 4543 1060 4617 retinere
1088 4560 1126 4615 et
1151 4566 1290 4614 vexare
1316 4540 1429 4614 variis
1459 4535 1581 4610 modis

362 4746 384 4788 1.
399 4733 512 4790 Natalis
525 4735 614 4804 Alete,
626 4735 704 4791 Hist.
718 4734 795 4790 Eccl.
806 4751 865 4791 sac.
880 4735 932 4791 XI
938 4741 967 4791 et
977 4734 1066 4804 XIII,
1080 4751 1142 4806 cap.
1156 4734 1208 4804 tv,
1220 4734 1300 4792 artic.
1314 4735 1340 4790 8.
