3496 5482
612 531 739 610 cneus
768 563 989 612 sacunnuu.
1079 544 1081 549 ⁴
1387 560 1433 630 29

172 725 416 800 Pontificibus
446 723 659 822 hujusmodi
684 724 752 821 ‚jus
780 722 1006 810 ullum,·sive
1034 723 1081 796 ad
1112 723 1356 809 auferendum
1386 724 1435 798 ab

175 847 229 921 eis
241 873 317 944 quo
332 844 549 919 fruebantur
567 843 625 940 jus
645 844 890 917 immunitatis
906 871 913 930 ;
932 843 1121 918 nonenim
1142 842 1324 918 inferioris
1357 844 1377 917 i.
1390 870 1433 923 e.
1499 931 1502 934 p

171 963 289 1038 civilis
308 990 374 1038 seu
393 953 544 1060 politici,
566 962 633 1048 sed
665 961 813 1036 altioris
832 961 974 1035 ordinis
993 980 1051 1036 est
1079 960 1168 1035 illud
1182 962 1254 1060 jus,
1276 962 1436 1060 ideoque

172 1110 319 1157 acausa
338 1082 531 1180 superiore
557 1081 757 1179 adaequate
776 1081 975 1178 dependet,
995 1107 1130 1180 nempe
1149 1105 1170 1155 a
1192 1082 1299 1166 Deo;
1321 1106 1436 1179 quare

176 1202 308 1276 merito
329 1210 349 1240 ‘¹
369 1199 569 1296 divinum'’
595 1217 757 1288 vocatur.
1389 1184 1393 1190 ’
1435 1203 1438 1209 ’

227 1319 320 1422 Sine
348 1318 463 1393 dubio
494 1317 743 1392 anterioribus
774 1316 918 1390 saeculis
950 1316 1024 1390 fide
1057 1317 1217 1404 imbutis,
1243 1318 1434 1415 Principes

66 1447 69 1452 ’
179 1436 375 1512 saeculares
395 1420 431 1510 in
447 1427 594 1534 legibus
606 1436 682 1509 suis
694 1436 790 1508 hanc
805 1433 1284 1511 Pontificisimmunitatem
1304 1463 1437 1511 sanxe-

172 1542 257 1628 runt
288 1553 521 1651 easdemque
551 1553 734 1649 deinceps
763 1550 937 1648 amplexa
966 1571 1023 1626 est
1045 1552 1225 1629 Ecclesia.
1250 1554 1368 1629 Hisce
1387 1555 1438 1628 ita

173 1671 319 1773 legibus
340 1697 415 1746 non
434 1670 615 1767 collatum
639 1670 706 1744 luit
721 1670 966 1744 immunitatis
980 1671 1043 1769 jus
1061 1698 1068 1757 ;
1088 1673 1349 1747 tantummodo
1384 1675 1441 1749 sic‘
1475 1727 1479 1733 -

172 1791 330 1889 agendo,
341 1807 450 1887 prout
469 1789 580 1862 decet
594 1814 732 1861 munus
752 1788 871 1861 civilis
892 1790 1099 1885 potestatis,
1117 1791 1307 1865 materiale
1320 1792 1437 1888 quod·

172 1910 259 1983 dam
280 1910 495 2007 praesidium
515 1907 677 1989 libertati
697 1907 883 1982 Ecclesiae
907 1909 1082 2006 apposuit
1100 1910 1204 2010 regia
1225 1911 1437 2010 Principum
1530 1909 1533 1915 ’

173 2028 465 2126 potestas,cujus
479 2043 566 2100 tunc
581 2024 686 2123 leges
700 2051 832 2100 veram
853 2025 1044 2126 habebant
1063 2028 1245 2103 rationem
1261 2032 1437 2128 praeccpti

174 2173 241 2245 pro
254 2146 418 2220 ‘subditis
438 2145 547 2220 laicis
559 2171 689 2220 eorum
703 2142 760 2246 (¹)
771 2145 885 2240 Quod
904 2146 935 2219 si
949 2128 1129 2243 deinceps
1151 2146 1342 2246 Principes
1355 2175 1437 2246 pos·

173 2286 260 2342 sunt
279 2267 347 2340 has
379 2266 486 2365 leges
505 2283 649 2341 mutare
669 2266 886 2364 exindeque
910 2265 1094 2341 violenter
1111 2267 1329 2342 exercitium
1344 2271 1438 2367 juris

63 2451 65 2458 .
175 2385 418 2459 immunitatis
447 2382 668 2458 aPontifice
696 2409 872 2481 supremo
905 2384 1063 2471 auferre,
1082 2386 1155 2482 jus
1181 2403 1306 2461 tamen
1333 2387 1438 2484 ipsis·
1483 2427 1485 2431 ·

176 2506 309 2580 simum
330 2522 404 2579 non
424 2522 482 2578 est
498 2505 535 2577 in
550 2504 686 2602 sphera
706 2503 826 2578 civilis
845 2504 1011 2591 dominii,
1028 2531 1096 2579 nec
1115 2505 1255 2580 homini
1279 2504 1341 2580 ulli
1369 2532 1437 2581 uec

174 2624 389 2721 imperatori
409 2622 651 2720 quantumvis
679 2622 826 2718 potenti
841 2622 1057 2697 obnoxium.

179 2750 186 2767 ’
226 2742 366 2815 “Nam
381 2741 472 2814 nihil
494 2740 614 2839 magis
633 2740 756 2840 diligit
771 2740 878 2815 Deus
900 2741 936 2814 in
957 2741 1027 2815 hoc
1043 2743 1183 2815 mundo
1199 2766 1310 2840 quam
1330 2742 1437 2818 liber·

176 2878 290 2946 tatem
306 2857 488 2932 Ecclesiae
506 2884 584 2932 suae
603 2858 631 2933 ’'.
646 2903 695 2915 -
714 2857 811 2932 Haec
832 2859 1089 2934 memorabilia
1101 2860 1226 2948 verba,
1247 2887 1332 2958 quae
1350 2862 1438 2936 scri·

77 3052 85 3074 ,
174 2978 249 3075 psit
275 2977 462 3076 gloriosus
495 2978 636 3073 vindex
656 2978 938 3052 immunitatum
960 2977 1152 3064 Ecclesiae,
1173 2979 1211 3053 S.
1234 2980 1438 3055 Anselmus
1482 3052 1484 3060 .

175 3095 457 3170 Cantuaricnsis
473 3093 528 3197 (²),
550 3109 651 3170 c'erte
682 3121 757 3170 nou
772 3189 775 3197 Ι
790 3098 842 3170 sic
863 3115 999 3171 sonant
1018 3097 1123 3194 quasi
1143 3097 1381 3194 omnipotens
1399 3116 1439 3174 et
1532 3086 1536 3095 ’

176 3215 362 3316 benignus
377 3216 437 3290 ille
455 3218 562 3292 Deus
583 3216 697 3291 ullum
711 3219 775 3317 jus
797 3218 833 3290 in
853 3243 957 3291 suam
976 3216 1183 3292 Ecclesiam
1206 3218 1438 3315 Principibus

177 3334 388 3432 reliquisset
406 3335 466 3409 vel
479 3336 741 3411 commisisset.
1422 3350 1424 3352 ’

120 3443 123 3449 ’
227 3452 471 3551 Quapropter
484 3454 524 3529 S.
545 3454 661 3529 Sedis
676 3454 937 3552 praerogativae
961 3479 1093 3528 omnes
1112 3472 1150 3527 et
1168 3453 1293 3529 omnia
1312 3479 1438 3551 supre-

176 3595 247 3644 mae
265 3571 496 3644 auctoritatis
506 3572 601 3668 jura,
629 3596 877 3668 quaecumque
896 3570 1008 3670 igitur
1023 3571 1070 3643 ad
1084 3571 1286 3671 regendam
1308 3571 1438 3647 Eccle-

175 3691 269 3766 siam
289 3692 502 3765 univer'sam
522 3712 609 3766 sunt
629 3693 853 3778 necessaria,
875 3711 949 3766 tam
979 3691 1184 3789 spiritualia
1215 3717 1326 3789 quam
1347 3711 1439 3766 tem·

177 3808 327 3907 poralia,
361 3831 493 3884 cuncta
512 3809 592 3885 haec
615 3812 809 3885 Romanus
831 3810 1006 3884 Pontifex
1025 3811 1062 3883 in
1083 3835 1245 3906 persona
1268 3810 1306 3885 S.
1332 3809 1431 3884 Petri

175 3929 312 4002 da'recte'
328 3927 377 4001 ab
403 3929 485 4026 ipso
507 3929 593 4003 Deo
611 3928 773 4026 accepit,
795 3927 893 4002 haud
913 3928 1035 4002 minus
1060 3955 1102 4001 ac
1122 3929 1240 4024 ipsam
1259 3927 1439 4002 Ecclesiae

175 4045 541 4133 libertatem,nedum
558 4076 579 4122 a
597 4049 835 4146 Principibus
851 4066 986 4122 teneat.
1005 4048 1180 4121 Mortuus
1195 4064 1252 4120 est
1266 4046 1438 4120 Christus
1530 4073 1533 4078 ·

177 4190 245 4262 pro
271 4164 442 4240 libertate
475 4167 634 4264 Sponsae
662 4193 741 4241 suae
763 4166 954 4252 Ecclesiae,
975 4184 1089 4264 atque
1117 4191 1164 4239 ex
1193 4164 1263 4237 hoc
1295 4153 1438 4238 infinito
1490 4249 1492 4253 y

177 4283 294 4356 divini
329 4282 525 4383 sanguinis
544 4284 664 4380 pretio
677 4301 735 4357 est
758 4284 836 4357 haec
855 4283 1006 4357 libertas
1025 4282 1245 4357 aestimanda
1264 4280 1278 4380 l
1295 4280 1318 4381 ).

229 4399 483 4475 Celeberrima
495 4426 644 4499 quoque
659 4420 697 4476 et
711 4400 933 4498 perpulchra
948 4418 1034 4475 sunt
1049 4401 1128 4475 haec
1146 4398 1386 4473 BonisaciiVl
1397 4397 1434 4470 ll

215 4587 237 4627 1.
248 4573 278 4626 F.
296 4559 438 4641 Palurieri,¹
453 4573 504 4643 Op.
518 4574 574 4641 cit„
587 4590 650 4644 pag.
668 4587 717 4642 577
731 4548 840 4645 etseq,
853 4575 891 4628 th.
905 4575 1013 4630 XXIV.

213 4667 237 4707 2.
252 4653 343 4721 Epist.
360 4653 385 4719 8,
397 4653 413 4706 l.
429 4668 454 4718 4.
656 4715 669 4724 ν

214 4746 238 4801 3.
253 4732 302 4789 cfr
317 4733 434 4803 Encycl.
449 4732 491 4787 Pii
509 4733 551 4786 IX
567 4745 597 4803 15
614 4733 685 4789 Maii
697 4732 773 4800 1871.
