3496 5482
299 596 346 664 26
706 615 800 666 enm
828 616 888 667 sm
916 617 991 667 nex
1019 616 1145 667 noun.

297 791 335 850 et
353 774 606 874 geographice
633 777 826 872 optimum.
850 778 1009 875 Insuper
1026 778 1074 852 ad
1094 778 1206 852 fidem
1234 777 1453 852 catholicam
1474 802 1555 874 per-

297 895 391 968 tinet
404 894 467 991 jus
487 895 730 970 immunitatis
750 897 861 996 hujus
891 896 1089 994 completae
1107 915 1145 970 et
1168 897 1350 971 absolutae
1371 896 1556 970 Primatus

296 1014 547 1101 ecclesiastici,
561 1042 635 1114 qua
650 1040 786 1114 nempe
804 1018 916 1115 Papa,
932 1019 981 1092 ab
999 1018 1101 1092 omni
1115 1017 1376 1117 jurisdictione
1390 1014 1555 1090 saeculari

297 1133 345 1207 sit
363 1151 574 1230 exemptus.
593 1135 685 1219 lmo,
707 1136 798 1210 utin
818 1136 1063 1235 sequentibus
1082 1136 1185 1210 locus
1206 1136 1355 1210 dicendi
1378 1149 1556 1218 occurret,

298 1268 357 1325 sat
382 1251 512 1325 nititur
542 1253 759 1328 testimonio
779 1254 853 1329 Dei
873 1272 912 1330 ut
932 1253 1007 1330 fide
1035 1253 1164 1328 divina
1196 1253 1244 1328 sit
1271 1252 1460 1327 credenda
1477 1251 1557 1326 hacc

299 1369 438 1443 veritas
457 1366 471 1467 l
487 1368 512 1469 ).

349 1489 439 1585 Jure
457 1489 586 1564 divino
605 1491 782 1589 majestas
802 1493 936 1565 summi
970 1490 1161 1566 Pontificis
1189 1490 1299 1588 plena
1326 1490 1467 1590 gaudet
1492 1491 1558 1564 im·

181 1606 184 1611 ’
300 1606 482 1682 munitate
499 1606 686 1705 personali
705 1608 754 1682 ab
772 1610 874 1683 omni
884 1609 1147 1708 jurisdictione
1165 1609 1257 1684 laica
1273 1638 1281 1697 ;
1295 1610 1400 1708 cujus
1428 1610 1559 1683 immu-

302 1724 429 1798 nitatis
442 1725 505 1823 jus
534 1725 734 1800 essentiale
761 1744 819 1802 est
850 1726 1028 1801 Primatui
1059 1754 1082 1801 a
1105 1726 1258 1802 Christo
1285 1727 1468 1802 instituto.
1487 1727 1560 1799 Ast

302 1871 399 1919 nunc
416 1845 621 1933 infeliciter,
638 1864 679 1921 ut
693 1847 782 1921 dicit
805 1848 892 1921 Pius
916 1847 984 1933 IX,
998 1848 1046 1922 de
1065 1848 1164 1922 sacto
1181 1858 1202 1887 ⁴¹
1221 1849 1414 1921 Romanus
1434 1844 1560 1920 Ponti·

302 1965 374 2052 lex,
395 1993 417 2039 a
435 1967 540 2065 cujus
558 1966 743 2066 dignitate
760 1985 798 2042 et
817 1966 1046 2042 exaltatione
1066 1966 1206 2064 pendet
1224 1966 1388 2064 dignitas
1406 1981 1444 2039 et
1462 1963 1560 2038 exal·

303 2084 394 2158 tatio
412 2083 604 2158 catholicae
626 2083 817 2172 Ecclesiae,
835 2086 871 2158 in
886 2085 1016 2160 alienis
1033 2085 1204 2159 manibus
1219 2084 1420 2180 depressus
1433 2083 1561 2156 vivere

303 2207 458 2304 cogitur,
479 2223 619 2279 etcum
645 2230 691 2278 eo
726 2205 902 2279 universa
931 2205 1151 2303 deprimitur
1171 2202 1352 2291 Ecclesia,
1372 2228 1457 2300 quae
1487 2226 1560 2276 non

303 2321 476 2408 dominae,
493 2321 560 2396 sed
579 2348 700 2396 servae
718 2321 875 2420 figuram
889 2324 987 2421 gerit
1006 2320 1060 2422 (²).
1081 2322 1100 2350 ”

358 2439 515 2514 Utinam
543 2466 676 2515 omnes
706 2441 845 2538 politici
872 2458 1048 2537 saperent
1074 2467 1118 2515 ac
1147 2438 1397 2539 intelligerent
1424 2439 1500 2511 vim
1520 2464 1562 2512 ac

305 2585 457 2635 sensum
477 2561 588 2658 hujus
602 2559 864 2636 declarationis
877 2587 900 2634 a
915 2560 1055 2637 Christi
1074 2561 1224 2635 Vicario
1242 2579 1280 2636 et
1295 2584 1466 2656 suprema
1489 2583 1563 2632 ma·

302 2678 441 2777 jestate
461 2677 579 2754 factae.

362 2795 582 2870 Immunitas
600 2794 808 2893 personalis
827 2822 982 2881 summa,
1004 2821 1124 2894 eaque
1143 2793 1263 2892 plena,
1284 2812 1341 2869 est
1358 2795 1421 2893 jus
1440 2818 1563 2879 exem·

307 2913 446 3012 ptionis
463 2939 486 2986 a
499 2913 760 3012 jurisdictione
785 2914 903 2988 civilis
919 2915 1115 3012 potestatis
1140 2914 1305 3011 cujusvis
1325 2930 1362 2987 et
1386 2912 1566 3008 competit

308 3028 377 3104 soli
400 3030 573 3104 Romano
594 3029 775 3108 Pontifici.

362 3148 554 3245 Competit
572 3168 697 3223 autem
717 3149 786 3246 ipsi
801 3151 887 3247 jure
904 3150 1083 3237 divino,si
1104 3148 1227 3224 minus
1246 3149 1418 3247 positivo
1434 3147 1565 3223 saltem

312 3266 480 3341 naturali.
501 3268 615 3363 Quod
644 3287 684 3345 ut
708 3269 1020 3354 demonstremus,
1054 3294 1252 3366 personam
1285 3267 1445 3342 Romani
1473 3267 1569 3341 Pon·

313 3384 420 3459 tificis
453 3387 656 3461 immunem
689 3412 773 3461 esse
799 3389 884 3486 jure
914 3387 1042 3461 divino
1074 3385 1231 3460 naturali
1263 3412 1285 3458 a
1311 3386 1570 3484 jurisdictione

313 3503 476 3578 civilium
499 3505 722 3603 Principum,
749 3506 840 3578 satis
860 3522 917 3579 est
940 3504 1143 3601 probemus
1172 3530 1255 3579 eam
1284 3529 1368 3578 esse
1392 3503 1572 3577 divinitus

312 3641 458 3697 auctam
478 3623 672 3724 dignitate,
688 3647 773 3720 quae
788 3623 895 3696 istam
906 3622 1205 3721 jurisdictionem
1221 3647 1372 3719 prorsus
1386 3620 1569 3696 excludat.
1661 3677 1666 3686 .

320 3812 322 3819 .
365 3737 478 3832 Quod
498 3739 549 3813 ita
566 3738 705 3838 liquet:
738 3750 757 3779 ‘⁶
791 3738 964 3813 Potestas
988 3740 1168 3824 coactiva,
1198 3765 1283 3836 quae
1302 3739 1572 3837 jurisdictionis

313 3876 381 3943 est,
402 3858 555 3956 requirit
575 3860 612 3933 in
634 3858 747 3934 alium
776 3858 1035 3957 hujuscemodi
1061 3858 1136 3932 vim
1160 3884 1245 3956 quae
1265 3876 1425 3956 nequeat
1455 3857 1491 3931 in
1512 3855 1573 3930 illo

315 3999 381 4072 per
399 3976 628 4073 superiorem
645 3995 870 4074 potestatem
886 3976 1056 4072 impediri
1075 3994 1139 4051 aut
1157 3976 1264 4075 ligari
1281 3977 1349 4032 ’'-
1369 3976 1421 4050 sic
1440 3975 1574 4050 merito

314 4118 398 4166 cum
422 4093 599 4168 Suaresio
618 4095 858 4169 ratiocinatur
877 4092 935 4169 Cl.
964 4095 1002 4169 P.
1033 4094 1204 4168 Palmieri
1225 4093 1281 4193 (³).
1312 4139 1362 4148 —
1381 4095 1465 4191 Jam
1485 4118 1575 4167 vero

318 4211 512 4285 Romanus
546 4212 720 4287 Pontifex
753 4230 878 4309 potest
909 4211 1092 4307 impedire
1122 4230 1186 4285 aut
1218 4210 1334 4309 ligare
1369 4209 1575 4307 quamlibet

317 4346 542 4424 potestatem
562 4331 768 4406 coactivam
796 4329 966 4413 alienam,
987 4354 1071 4425 quae
1091 4329 1127 4403 in
1143 4330 1228 4427 ejus
1253 4354 1451 4425 personam
1471 4352 1575 4402 exer-

357 4538 378 4579 1.
399 4527 468 4595 Cap.
485 4528 540 4596 lll,
555 4526 604 4598 §8.
618 4529 642 4597 J.
658 4527 801 4594 Palmieri‚
817 4528 869 4597 Op⁴
882 4527 938 4595 cit,
952 4526 992 4580 tb.
1006 4527 1115 4595 XXIV,
1129 4524 1143 4596 ξ
1157 4538 1212 4594 vlt,
1223 4543 1248 4595 p.
1266 4539 1323 4595 590.

355 4618 379 4658 2.
400 4606 466 4660 Pius
482 4608 533 4676 IX,
547 4607 638 4676 Epist.
652 4621 687 4675 29
701 4608 774 4661 Nov.
792 4607 867 4672 1870.

356 4697 379 4751 3.
400 4685 444 4738 De
456 4686 536 4739 Rom.
550 4687 641 4754 ΡΜ,
661 4703 724 4754 pag.
741 4699 790 4754 577
805 4703 876 4756 sqq,
890 4686 930 4740 th.
942 4686 1049 4741 XXIV.
1069 4715 1105 4726 -
1122 4686 1235 4755 Suarez,
1248 4685 1303 4739 vol.
1315 4685 1423 4751 XXIV,
1444 4683 1576 4755 Defensio

311 4763 386 4834 fidei
396 4766 479 4835 cath,
493 4766 539 4820 liv.
556 4767 604 4835 Ν,
618 4783 642 4821 c.
658 4767 708 4835 IV,
722 4767 737 4837 5
754 4781 777 4835 1,
790 4781 819 4821 11
834 4778 863 4822 et
872 4784 896 4822 c.
910 4767 1038 4821 Vl-Vll.
