3496 5482
714 603 836 655 CAPUT
864 603 1030 654 SEXTUM.
1434 607 1502 680 103

296 772 433 868 Neque
463 769 531 845 luit
561 794 672 844 verus
704 794 840 866 scopus
869 770 996 843 unitas
1027 769 1115 842 novi
1147 769 1278 867 regni;
1310 794 1396 844 nam
1416 769 1501 844 huic

243 889 375 963 unitati
394 887 687 985 independentia
708 888 841 960 Romae
864 912 938 961 non
966 884 1048 983 plus
1068 903 1194 983 potest
1212 886 1363 963 obstare
1386 914 1505 987 quam

242 1005 537 1104 independentia
558 1024 685 1101 status
699 1004 1001 1081 Sancti-Marini.

293 1125 415 1199 Verus
434 1143 560 1199 autem
580 1149 715 1220 scopus
747 1122 815 1196 suit
840 1140 1056 1218 pervertere
1074 1123 1245 1209 Romam,
1263 1122 1501 1222 majestatem

242 1260 279 1318 et
304 1225 527 1342 dignitatem
547 1241 759 1339 deprimere
791 1240 931 1315 Christi
962 1241 1099 1315 Vicarii
1116 1268 1124 1327 ;
1144 1240 1325 1315 inermem
1345 1241 1502 1334 reddere
1519 1309 1520 1313 ,

243 1379 468 1459 potestatem
487 1360 569 1458 ejus
588 1356 818 1456 spiritualem
837 1387 844 1446 ;
864 1358 1060 1433 debilitare
1080 1357 1302 1444 Ecclesiam,
1325 1357 1399 1432 imo
1418 1360 1500 1433 eam

243 1481 392 1577 penitus
415 1498 595 1555 evertere.
632 1479 726 1553 Haec
759 1478 885 1552 omnia
907 1477 1052 1552 delecta
1081 1495 1119 1552 et
1138 1476 1357 1553 denuntiata
1375 1475 1503 1553 sunta

243 1597 468 1671 Videntibus
487 1597 635 1681 nostris,
661 1594 902 1670 Pontificibus
916 1595 1110 1694 supremis,

296 1725 316 1753 ‘⁸
336 1715 518 1788 Tartarea
536 1715 615 1788 haec
634 1731 795 1799 caterva,
830 1713 949 1810 inquit
972 1713 1058 1786 Pius
1081 1713 1151 1799 IX,
1172 1713 1208 1787 id
1228 1713 1297 1787 sibi
1317 1712 1499 1810 praestitit,

242 1857 288 1906 ex
308 1832 413 1906 Urbe
433 1830 603 1920 evellere,
624 1856 736 1929 quem
757 1831 970 1938 religiosum
991 1850 1100 1906 vocat
1120 1832 1369 1906 lanatismum.
1394 1831 1498 1905 Post·

240 1975 353 2046 quam
377 1949 482 2024 Urbe
501 1952 619 2046 potita
636 1968 705 2034 est,
736 1973 819 2022 eam
836 1974 933 2021 nunc
953 1947 1189 2036 incredulam,
1215 1948 1274 2023 vel
1293 1948 1495 2034 tolerantis,

244 2085 282 2141 ut
297 2067 409 2153 aiunt,
432 2067 622 2166 religionis
642 2068 860 2166 magistram
879 2066 1031 2141 anhelat
1044 2066 1192 2142 efficere
1212 2065 1267 2166 (¹).
1288 2066 1306 2093 '¹

295 2196 315 2224 ‘⁸
350 2186 437 2259 Huc
466 2210 556 2260 sane
585 2210 735 2282 semper
766 2202 981 2282 spectarunt
1007 2203 1045 2259 et
1077 2202 1248 2281 spectant
1273 2183 1500 2282 nequissima

243 2303 387 2379 illorum
403 2303 595 2378 hominum
608 2301 772 2388 consilia,
788 2301 999 2377 molitiones
1018 2321 1055 2377 et
1069 2302 1296 2399 fraudes,qui
1315 2320 1498 2398 tempora·

242 2405 516 2498 lemRomanae
538 2422 719 2499 Ecclesiae
741 2424 1046 2498 Dominationem
1066 2423 1277 2498 convellere
1307 2440 1498 2520 exoptant,

243 2587 292 2599 —
319 2562 358 2618 ut
379 2542 559 2629 Ecclesia,
590 2568 659 2617 suo
689 2542 848 2639 spoliata
870 2543 1110 2630 Patrimonio,
1144 2542 1361 2641 apostolicae
1388 2542 1499 2616 Sedis

247 2660 482 2757 Romanique
503 2659 694 2736 Pontificis
707 2661 929 2759 dignitatem
945 2661 1257 2759 majestatemque
1275 2659 1497 2757 deprimant,
1573 2718 1581 2731 .

244 2777 487 2874 pessumdent
501 2796 538 2854 et
561 2778 713 2853 liberius
732 2778 988 2852 sanctissimae
1012 2777 1199 2877 Religioni
1220 2777 1382 2851 maxima
1399 2800 1500 2871 quae·

243 2923 316 2994 que
333 2898 483 2985 damna,
500 2923 544 2972 ac
572 2899 803 2973 teterrimum
823 2897 961 2972 bellum
982 2896 1151 2984 inferant,
1184 2897 1378 2995 ipsamque
1400 2893 1499 2968 Reli·

243 3017 404 3115 gionem,
426 3017 456 3090 si
475 3017 553 3091 fieri
573 3041 737 3113 unquam
757 3027 893 3112 posset,
924 3015 1089 3088 funditus
1108 3032 1280 3089 evertant
1301 3011 1353 3114 (²).
1375 3014 1393 3040 ''

297 3146 317 3174 ‘⁹
337 3135 563 3232 Comparata
575 3135 644 3210 sibi
664 3135 835 3232 praesidia
853 3160 899 3208 eo
917 3152 1141 3209 convertunt
1159 3134 1344 3221 audacter,
1367 3150 1407 3206 ut
1428 3132 1500 3206 Ec·

243 3251 394 3326 clesiam
408 3252 607 3326 durissimo
624 3252 836 3349 mancipent
848 3252 1012 3338 servitio,
1027 3250 1272 3325 fundamenta
1287 3247 1501 3325 convellant

243 3371 377 3468 quibus
392 3371 569 3458 innititur,
584 3370 731 3444 divinas
745 3391 926 3446 conentur
940 3370 1147 3468 depravare
1160 3369 1393 3468 notas,queis
1409 3393 1500 3466 prae·

244 3488 361 3588 fulget
379 3489 545 3586 insignis,
560 3490 650 3586 quid
665 3487 805 3562 multa?
822 3489 948 3584 lpsam
960 3489 1101 3563 crebris
1113 3514 1331 3563 concussam
1353 3487 1497 3572 ictibus,

241 3608 679 3706 collapsam,eversam,si
692 3608 770 3682 fieri
784 3608 911 3706 possit,
920 3633 966 3682 ex
981 3609 1086 3683 Orbe
1098 3609 1245 3706 penitus
1258 3608 1407 3684 deleant
1421 3603 1463 3706 (³)
1471 3605 1500 3679 .'’

297 3727 507 3825 Hypocrite
538 3745 575 3801 et
597 3727 749 3826 judaice
781 3752 947 3801 amorem
966 3753 1073 3801 suum
1106 3725 1271 3801 exaltant
1293 3726 1495 3800 Massones

233 3870 333 3944 erga
349 3856 367 3883 “
386 3844 642 3918 humanitaten
663 3845 681 3871 ''
701 3862 738 3919 et
757 3844 924 3940 patriam,
946 3861 985 3918 ut
1005 3842 1192 3941 simplices
1211 3842 1411 3939 decipiant;
1430 3840 1497 3915 sed

244 3962 387 4037 frustra.
410 3963 559 4037 “Secta
580 3961 805 4048 Massonica,
822 3963 994 4059 quamvis
1013 3961 1282 4037 beneficentiae
1299 3977 1337 4034 et
1352 3957 1495 4055 philan-

244 4080 412 4178 thropiae
430 4079 601 4178 spiritum
616 4098 791 4165 ostentet,
807 4079 946 4154 Christi
961 4079 1190 4178 religionem,
1208 4076 1422 4152 dehumano
1435 4085 1498 4175 g'e·

244 4224 332 4273 nere
362 4224 600 4296 summopere
631 4197 935 4283 benemeritam,
966 4216 1159 4298 oppugnat
1184 4215 1297 4295 atque
1327 4212 1499 4269 evertere
1584 4223 1587 4228 ·

245 4335 432 4412 pertentat
447 4314 503 4416 (⁴).
524 4317 543 4344 ’²

283 4531 304 4572 1.
319 4517 372 4586 Ep.
386 4517 423 4571 ad
434 4516 548 4572 Cardin.
560 4517 630 4586 Vic.,
644 4533 679 4586 30
690 4517 766 4586 Junii
784 4517 862 4584 1871.

280 4611 304 4652 2.
319 4595 387 4651 Pius
403 4597 452 4664 IX,
466 4598 546 4651 alloc.
558 4596 677 4665 aoJunii
692 4598 768 4667 1859.

281 4677 369 4745 3.1d.,
385 4677 500 4745 Encycl.
514 4677 583 4728 Etsi
594 4678 694 4741 multa,
705 4693 735 4730 21
752 4679 824 4731 Nov.
839 4678 904 4744 1873
918 4677 945 4730 in
957 4678 1041 4732 calce.

280 4771 305 4822 4.
322 4756 381 4811 Leo
396 4757 482 4824 x111,
499 4757 615 4826 Encycl.
633 4759 833 4826 150ct.1890.
