3496 5482
326 523 392 574 122
734 527 828 580 PAPA
854 528 914 581 SIT
940 531 1017 581 REX
1045 531 1172 585 ROMAE.

326 678 563 763 Massonicos
582 706 702 764 coetus
725 691 761 764 in
778 689 932 788 Europa
947 687 1146 773 institutos,
1167 687 1233 761 sed
1252 712 1383 761 omnes
1397 705 1584 787 quotquot

322 801 358 874 in
379 804 563 894 America,
584 807 741 907 aliisque
760 809 874 883 totius
893 806 1008 882 Orbis
1030 804 1149 903 plagis
1168 804 1353 879 habentur
1374 801 1429 904 (¹).
1450 805 1468 833 ”

376 921 481 997 Idem
499 924 685 1023 gloriosus
706 925 879 1001 Pontifex
899 926 934 999 in
954 924 1132 998 diuturno
1154 948 1223 996 suo
1250 923 1473 997 Pontificatu
1500 924 1583 1021 plus

311 1063 432 1135 ÷quqm
448 1043 605 1117 vicesies
623 1063 744 1118 sectas
766 1043 1002 1119 Massonicas
1017 1040 1219 1114 damnavit.
1233 1085 1284 1095 —
1304 1049 1325 1080 “
1344 1040 1512 1129 Utinam,
1530 1043 1582 1116 sic

310 1156 541 1256 ingemiscit,
564 1179 602 1236 et
634 1187 708 1236 non
740 1162 821 1237 sine
839 1186 985 1236 summa
1004 1160 1157 1245 ratione,
1178 1203 1228 1215 -
1251 1157 1394 1231 utinam
1415 1161 1580 1257 supremi

325 1275 515 1375 Principes
562 1280 782 1354 Decessoris
819 1281 935 1355 nostri
972 1279 1128 1353 vocibus
1162 1300 1272 1350 aures
1309 1277 1581 1376 praebuissent!

325 1391 482 1469 Utinam
500 1396 537 1470 in
556 1423 667 1471 causa
686 1414 761 1472 tam
780 1398 888 1496 gravi
908 1422 983 1471 non
1016 1395 1207 1472 remissius
1236 1393 1423 1494 egissent!
1460 1396 1496 1469 N
1502 1422 1580 1471 um-

320 1537 434 1609 quam
463 1532 563 1590 certe
599 1515 755 1592 fuissent
791 1515 1013 1613 deplorandi
1052 1515 1146 1589 tanti
1183 1513 1410 1590 seditionum
1444 1533 1577 1602 motus,

321 1650 428 1710 tanta
459 1637 640 1712 bellorum
670 1639 850 1725 incendia,
884 1638 1020 1737 quibus
1056 1638 1212 1735 Europa
1240 1635 1414 1711 universa
1443 1637 1579 1711 confla·

323 1754 456 1851 gravit,
479 1774 582 1832 tanta
600 1757 763 1856 denique
782 1758 962 1833 malorum
981 1755 1175 1842 acerbitas,
1196 1754 1376 1851 aquibus
1404 1754 1579 1830 afflictata

323 1888 390 1956 est,
415 1892 529 1973 atque
548 1877 670 1951 adbuc
688 1876 886 1951 afflictatur
905 1876 1086 1952 Ecclesia.
1107 1874 1124 1903 ''

378 1993 508 2092 Pergit
539 1995 742 2071 hodiernus
772 1997 983 2095 speculator
1013 1998 1149 2071 domus
1182 1993 1323 2075 Israel:
1345 2003 1364 2033 “
1393 1993 1579 2070 Videlicet

325 2119 346 2149 “
366 2136 449 2185 cum
462 2131 587 2189 sectae
608 2114 846 2191 Massonicae
865 2115 1075 2190 institutum
1090 2131 1127 2189 et
1140 2114 1331 2212 ingenium
1346 2132 1577 2210 compertum

324 2237 346 2267 “
366 2248 467 2305 esset
485 2257 533 2306 ex
552 2233 758 2309 manifestis
778 2260 899 2309 rerum
929 2234 1083 2319 indiciis,
1105 2231 1320 2333 cognitione
1351 2256 1575 2319 caussarum,

324 2357 345 2386 “
366 2348 518 2444 prolatis
538 2350 575 2424 in
594 2350 715 2427 lucem
733 2351 879 2453 legibus
906 2353 996 2438 eius,
1018 2352 1159 2438 ritibus,
1180 2348 1468 2437 commentariis,
1488 2350 1579 2446 ipsis

325 2474 345 2505 “
370 2492 484 2565 saepe
503 2470 767 2545 accedentibus
786 2471 1008 2546 testimoniis
1031 2495 1160 2544 eorum
1189 2469 1252 2567 qui
1282 2485 1408 2543 essent
1427 2468 1576 2554 conscii,

325 2596 344 2624 ‘⁴
364 2587 456 2661 haec
470 2589 691 2686 Apostolica
703 2592 824 2667 Sedes
838 2591 1073 2666 denuntiavit
1087 2608 1291 2687 aperteque
1303 2587 1418 2663 edixit
1437 2606 1577 2661 sectam

326 2717 346 2746 “
369 2708 603 2800 Massonum‚
624 2730 754 2787 contra
773 2713 828 2788 ius
848 2713 979 2811 fasque
998 2712 1249 2795 constitutam,
1265 2734 1340 2782 non
1358 2707 1481 2782 minus
1494 2733 1579 2783 esse

326 2835 347 2864 ‘⁸
365 2827 588 2906 christianae
619 2831 681 2919 rei,
703 2857 815 2930 quam
846 2831 993 2906 civitati
1000 2832 1248 2929 perniciosam
1261 2855 1275 2902 .·
1302 2827 1579 2925 propositisque

324 2953 343 2982 ‘⁸
362 2947 504 3042 poenis,
525 2948 659 3046 quibus
677 2949 772 3025 solet
789 2950 957 3025 Ecclesia
976 2950 1128 3048 gravius
1147 2949 1183 3022 in
1197 2965 1324 3021 sontes
1344 2946 1576 3019 animadver-

326 3073 344 3099 “
364 3081 452 3151 tere,
474 3065 664 3141 interdixit
683 3086 795 3167 atque
814 3069 1021 3166 imperavit,
1044 3094 1090 3142 ne
1108 3067 1192 3164 quis
1212 3064 1261 3139 illi
1296 3089 1433 3137 nomen
1462 3063 1578 3138 socie·

326 3190 346 3218 “
366 3181 433 3255 tati
451 3182 567 3258 daret.
590 3184 677 3280 Quo
695 3212 742 3261 ex
763 3212 801 3260 re
820 3188 901 3261 irati
919 3185 1092 3287 gregales
1111 3210 1239 3260 earum
1269 3183 1344 3257 vim
1376 3182 1577 3257 sententia-

325 3307 346 3336 “
366 3324 446 3374 rum
466 3301 726 3402 subterfugere
744 3321 807 3379 aut
826 3305 1022 3380 debilitare
1041 3330 1080 3378 se
1106 3328 1219 3400 posse
1249 3302 1383 3398 partim
1413 3316 1577 3375 contem-

325 3425 346 3454 “
366 3419 499 3505 nendo,
521 3420 655 3517 partim
674 3422 937 3497 calumniando
958 3427 1037 3509 rati,
1062 3420 1264 3495 Pontifices
1301 3419 1494 3503 maximos,
1515 3419 1577 3517 qui

325 3545 346 3574 “
365 3561 409 3609 ea
436 3537 690 3626 decreverant,
712 3542 895 3616 criminati
928 3559 1023 3627 sunt,
1045 3557 1109 3615 aut
1141 3564 1215 3612 non
1236 3539 1330 3612 iusta
1352 3537 1575 3623 decrevisse,

307 3662 346 3711 -“
365 3671 428 3730 aut
447 3658 599 3731 modum
619 3659 656 3732 in
674 3660 912 3735 decernendo
931 3659 1120 3735 transisse.
1140 3702 1191 3712 —
1213 3657 1297 3730 Hac
1316 3681 1406 3729 sane
1433 3656 1577 3729 ratione

324 3775 669 3858 “constitutionum
698 3778 1003 3875 Apostolicarum
1034 3775 1241 3852 Clementis
1261 3775 1356 3859 XII,
1384 3773 1578 3848 Benedicti

324 3900 344 3928 ‘·
364 3891 473 3978 XIV,
495 3893 660 3992 itemque
681 3895 737 3969 Pii
756 3896 835 3970 VII
858 3913 896 3971 et
917 3897 972 3970 Pii
996 3895 1054 3970 IX
1071 3893 1194 3968 conati
1214 3910 1300 3968 sunt
1318 3892 1576 3967 auctoritatem

323 4017 343 4046 “
362 4027 398 4082 et
418 4011 565 4106 pondus
584 4012 746 4089 eludere.

373 4128 554 4203 “Verum
574 4131 610 4204 in
631 4132 711 4229 ipsa
731 4132 790 4207 illa
809 4133 988 4208 societate
1007 4158 1082 4206 non
1102 4132 1272 4215 deficere,
1297 4129 1361 4226 qui
1381 4128 1439 4203 vel
1470 4129 1577 4203 inviti

323 4255 344 4284 “
363 4245 574 4336 faterentur,
607 4251 708 4347 quod
740 4269 818 4325 erat
849 4278 871 4325 a
902 4252 1065 4326 romanis
1099 4248 1341 4324 Pontificibus
1371 4246 1518 4332 sactum,
1540 4248 1575 4320 id

322 4374 342 4402 “
361 4389 446 4440 esse
464 4383 631 4463 spectata
650 4368 818 4442 doctrina
830 4369 1099 4466 disciplinaque
1114 4367 1305 4452 catholica,
1329 4366 1406 4438 iure
1426 4365 1574 4439 sactum.

373 4490 394 4520 ‘⁶
416 4482 460 4555 ln
479 4509 554 4582 quo
568 4485 811 4561 Pontificibus
831 4487 941 4563 valde
959 4485 1132 4562 assentiri
1147 4485 1272 4582 plures
1291 4484 1361 4557 viri
1383 4482 1575 4578 Principes

359 4701 380 4743 1.
401 4687 517 4761 Encycl.
532 4704 562 4743 21
581 4691 654 4746 Nov.
671 4692 740 4766 1873
754 4693 782 4748 in
796 4694 858 4750 fine.
873 4696 978 4753 Confer
996 4695 1081 4751 etiam
1096 4691 1211 4764 Encycl.
1225 4705 1258 4760 29
1271 4689 1376 4762 Aprilis
1394 4688 1466 4754 187o
