3496 5482
247 505 316 592 176
655 524 747 573 rnna
774 523 833 572 sir
861 523 934 572 nex
965 523 1091 576 noun.

242 733 418 806 supremo
436 707 556 807 plebis
587 725 677 781 voto
705 705 931 804 subrepticio
956 733 1105 781 causam
1125 735 1230 783 suam
1251 710 1377 788 sulcire
1395 715 1500 788 visus

242 844 300 913 est
317 823 388 926 (¹)?

218 971 223 986 ·
292 945 365 1019 Ast
384 944 531 1044 longius
543 960 643 1018 esset
658 943 875 1040 protrahere
886 942 1046 1040 amplius
1061 944 1159 1018 hunc
1178 945 1374 1023 elenchum
1401 976 1500 1025 erro·

242 1090 322 1137 rum
350 1063 540 1138 socialium
559 1063 622 1160 qui
650 1063 721 1137 orti
753 1062 789 1135 in
815 1062 948 1150 Gallia,
966 1064 1003 1137 in
1034 1064 1183 1164 Anglia,
1200 1067 1236 1140 in
1268 1067 1375 1143 ltalia
1393 1073 1498 1167 quasi

240 1209 371 1259 omnes
391 1184 427 1257 in
442 1182 663 1269 detestabili,
684 1209 796 1281 quem
828 1182 1074 1259 lamentamur
1092 1205 1231 1261 eventu
1251 1189 1496 1266 cumulantur.
1602 1204 1603 1207 ’

245 1302 332 1376 Hoc
354 1327 467 1375 unum
481 1301 795 1398 recapitulationis
808 1328 920 1376 causa
937 1303 1077 1377 addere
1096 1304 1226 1400 placet.

293 1419 560 1516 Quascumque
591 1419 736 1494 miseris
767 1419 904 1495 nostris
941 1421 1173 1517 temporibus
1201 1441 1304 1497 ortas
1336 1425 1499 1501 vidimus

241 1537 538 1610 abominationes
568 1536 604 1609 in
632 1537 763 1611 castris
785 1537 1018 1623 Massonum
1050 1564 1133 1612 cum
1170 1566 1205 1614 v.
1238 1566 1274 1638 g.
1322 1542 1496 1639 primipili

139 1733 145 1742 ,
241 1679 367 1729 earum
386 1654 498 1728 etiam
519 1653 651 1728 rationi
671 1654 786 1726 innixi
806 1655 1017 1729 encomium
1038 1656 1160 1730 secere
1179 1658 1352 1731 vitiorum
1381 1658 1500 1733 infan-

241 1776 373 1850 dorum
404 1794 518 1872 atque
549 1773 769 1860 bestialium,
790 1800 866 1872 quo
884 1775 1029 1850 animos
1056 1777 1191 1851 certius
1218 1798 1499 1875 corrumperent

241 1913 353 1990 atque
372 1893 408 1966 in
431 1891 640 1967 Ecclesiam
659 1910 917 1989 provocarent,
939 1894 1034 1967 sicut
1056 1912 1215 1993 egerunt
1233 1893 1338 1969 liberi
1359 1896 1499 1994 cogita·
1608 1983 1609 1986 Ἴ

243 1999 342 2085 tor'es
359 2009 649 2084 Mediolaniorti
664 2007 727 2109 (25
748 2007 1135 2109 aug.1865),solidarii
1156 2012 1193 2083 in
1216 2009 1357 2110 Belgio,
1375 2012 1499 2084 Amici

180 2218 181 2221 Ἴ
241 2128 333 2202 lucis
352 2145 389 2203 et
407 2129 616 2227 cogitantes
636 2127 672 2200 in
693 2127 921 2215 Germania;
941 2126 1000 2202 vel
1021 2155 1104 2202 cum
1127 2129 1277 2202 Parisiis
1295 2131 1499 2204 conventio

160 2240 163 2246 ’
246 2249 379 2348 Magni
392 2249 559 2324 Orientis
578 2249 734 2346 pristina
752 2266 891 2322 statuta
915 2268 1028 2333 sectae
1055 2249 1271 2324 reformavit
1289 2269 1327 2324 et
1345 2251 1499 2348 antiqua

242 2368 421 2466 dogmata
438 2393 505 2441 sua
519 2391 741 2465 expungens
759 2366 1052 2462 deadmittendo
1073 2367 1175 2442 Ente
1192 2393 1258 2442 seu
1279 2367 1499 2443 Architecto
1562 2424 1565 2433 .

242 2510 417 2581 supremo
435 2503 548 2582 atque
568 2483 846 2558 immortalitate
863 2484 998 2558 animae
1022 2485 1073 2558 ita
1103 2485 1241 2559 nudum
1274 2484 1499 2560 atheismum

244 2603 303 2676 vel
323 2602 548 2676 nihilismum
580 2602 748 2700 professa
778 2619 859 2687 est;
884 2646 934 2656 -
952 2587 1078 2675 n'onne
1104 2600 1216 2677 hasce
1243 2601 1499 2676 aberrationes

243 2746 374 2796 omnes
402 2720 588 2795 adhibitas
617 2745 700 2794 esse
732 2719 913 2804 novimus,
942 2719 977 2792 in
1010 2720 1283 2817 corrumpendo
1318 2719 1499 2818 populum

243 2839 482 2913 christianum
501 2857 540 2912 et
557 2836 703 2912 clerum
718 2836 908 2922 Ecclesiae,
930 2836 966 2909 in
986 2836 1238 2933 protrahendo
1258 2838 1403 2911 turbam
1423 2835 1500 2934 ple·

243 2959 299 3031 bis
328 2956 375 3030 ad
404 2957 542 3029 nudum
575 2955 888 3042 materialismum‚
907 2956 1033 3042 verbo,
1067 2954 1104 3027 in
1129 2956 1375 3054 praeparando
1404 2955 1500 3029 hanc

243 3077 477 3152 eversionem
514 3077 607 3149 sacri
642 3076 810 3150 Dominii
839 3076 878 3149 S.
896 3075 1006 3181 Sedis
1033 3091 1070 3149 et
1100 3075 1370 3151 institutionem
1393 3077 1500 3174 regni

244 3199 387 3296 profani
408 3198 616 3298 paganismi
636 3197 805 3271 moderni
826 3195 898 3296 (Ἢ

293 3328 331 3392 4.
352 3316 430 3391 Sed
449 3334 647 3414 postquam
668 3316 704 3388 in
718 3314 861 3388 ruinam
884 3314 1047 3411 Europae
1066 3312 1137 3387 hoc
1159 3313 1295 3387 lactum
1310 3312 1500 3409 spoliatio·

245 3432 301 3506 nis
320 3451 375 3506 tot
401 3433 587 3507 erroribus
605 3450 749 3507 scatere
767 3432 939 3516 vidimus,
960 3431 1198 3506 attendamus
1217 3431 1330 3505 etiam
1349 3431 1500 3528 quantis

243 3551 405 3646 peccatis
423 3571 462 3626 et
480 3550 663 3626 scandalis
682 3576 729 3625 ex
748 3550 851 3623 hisce
882 3551 1041 3623 societas
1060 3549 1262 3647 subjaceat.
1287 3549 1358 3623 Est
1384 3549 1501 3621 maxi·

243 3694 343 3743 mum
363 3670 484 3768 primo
501 3669 735 3768 sacrilegium
750 3667 935 3741 scandalis
951 3667 1115 3764 plenum.

293 3790 418 3865 Verba
436 3788 587 3886 quidem
607 3789 753 3874 desunt,
775 3788 960 3885 -inquit
983 3788 1070 3861 Pius
1094 3788 1200 3862 IXin
1225 3785 1331 3860 Bulla
1349 3811 1499 3861 excom·

242 3906 501 3982 municationis
520 3926 648 3980 contra
667 3925 906 4003 usurpatores
920 3924 957 3980 et
971 3906 1163 3980 invasores
1177 3905 1352 3980 Statuum
1370 3902 1500 3978 Eccle-

241 4025 306 4097 siae
324 4022 407 4111 lata,
427 4068 477 4080 -
498 4025 646 4098 “verba
664 4024 815 4121 quidem
830 4024 967 4098 desunt
987 4023 1035 4096 ad
1048 4042 1192 4097 tantum
1210 4020 1500 4119 improbandum

241 4142 391 4228 lacinus,
413 4142 449 4215 in
469 4167 544 4239 quo
562 4142 667 4239 plura
685 4159 723 4217 et
743 4141 906 4215 maxima
926 4141 1113 4214 habentur
1134 4141 1308 4213 facinora.

293 4260 451 4334 “Grave
483 4284 643 4356 namque
672 4260 880 4334 admittitur
903 4259 1150 4357 sacrilegium,
1183 4284 1259 4355 quo
1284 4283 1358 4331 una
1389 4256 1499 4331 simul

240 4378 360 4452 aliena
378 4379 463 4478 jura
481 4395 611 4451 contra
630 4378 835 4452 naturalem
854 4377 1096 4473 divinamque
1114 4374 1237 4475 legem
1259 4394 1497 4472 usurpantur,

280 4612 301 4652 r.
316 4599 556 4668 Hergenroetber,
568 4600 646 4654 Hr'st.
660 4599 694 4653 de
707 4583 806 4668 l’Egl„
820 4599 905 4666 VIII,
919 4615 946 4668 p.
965 4598 1021 4663 184.

278 4691 302 4730 2.
320 4677 401 4746 Ibat,
414 4680 499 4748 VIII,
513 4697 542 4750 p.
560 4693 617 4747 ¹34·
