3496 5482
637 570 759 621 CAPUT
786 569 971 620 TERTIUM.

545 675 721 682 ———
726 672 1050 681 -.-—-....----—————-

233 733 285 806 Et
305 730 476 806 Ecclesia
496 757 569 805 non
588 728 708 804 solum
721 748 779 804 est
794 727 994 803 infallibilis
1007 727 1042 800 in
1058 725 1282 802 definiendis
1301 726 1437 802 verita·

181 852 280 928 tibus
309 850 544 950 dogmaticis,
579 850 645 923 sed
678 867 715 922 et
745 850 781 922 in
814 847 1038 923 definiendis
1056 848 1277 922 veritatibus
1296 846 1436 922 ordinis

183 968 344 1044 moralis.

236 1095 406 1182 Proinde,
426 1095 489 1192 qui
509 1093 601 1169 tales
621 1094 797 1169 veritates
827 1111 991 1192 negaret,
1024 1119 1096 1168 non
1126 1093 1238 1168 modo
1257 1094 1438 1168 dicendus

184 1234 283 1292 esset
301 1216 494 1291 averitate
522 1214 705 1298 aberrare,
728 1215 794 1290 sed
813 1241 963 1314 quoque
981 1217 1173 1290 vocandus
1205 1233 1262 1290 est
1286 1225 1439 1290 temera·

183 1336 266 1409 rius
283 1331 337 1434 (in
356 1332 445 1433 fide)
466 1352 503 1408 et
522 1333 666 1430 impius,
687 1334 774 1429 quia
794 1333 1013 1407 veritatibus
1027 1333 1178 1408 assertis
1197 1334 1245 1407 ab
1267 1332 1438 1409 Ecclesia

184 1453 414 1528 contradicit.

239 1579 408 1655 Ecclesia
427 1605 518 1657 vero
536 1579 584 1654 de
609 1579 652 1653 iis
671 1578 891 1654 veritatibus
919 1580 1121 1655 moralibus
1127 1581 1298 1679 judicare
1316 1601 1441 1679 potest

185 1713 296 1794 prout
332 1695 380 1770 de
412 1695 519 1769 lactis
550 1695 784 1794 dogmaticis.
821 1696 896 1794 lpsi
917 1696 1016 1770 enim
1061 1698 1241 1793 competit
1267 1698 1439 1796 judicare

185 1815 233 1890 de
252 1839 308 1901 e0,
339 1814 440 1912 quod
470 1813 540 1887 sibi
558 1813 709 1899 bonum,
740 1813 979 1900 conveniens,
1002 1813 1090 1888 utile
1104 1833 1167 1889 aut
1186 1817 1437 1891 necessarium

186 1950 255 2019 est,
272 1931 353 2007 sive
367 1931 492 2030 potius
512 1931 773 2029 perniciosum.

239 2057 308 2133 Cui
327 2058 507 2133 Ecclesiae
525 2057 733 2133 definitioni
752 2059 998 2156 captivandus
1025 2077 1084 2133 est
1102 2085 1253 2157 quoque
1272 2061 1442 2137 internus

188 2179 324 2256 mentis
353 2204 539 2265 assensus,
561 2196 601 2254 ut
631 2203 706 2251 non
733 2178 842 2253 liceat
875 2204 996 2276 neque
1025 2180 1162 2267 verbis,
1183 2206 1305 2279 neque
1338 2181 1444 2257 sactis

189 2300 455 2387 contradicere,
469 2298 529 2374 vel
546 2300 693 2374 interno
711 2298 824 2372 animi
844 2324 956 2373 sensu
977 2297 1083 2372 aliter
1101 2318 1243 2397 putare.

240 2427 372 2504 Civilis
392 2426 550 2523 proinde
573 2426 805 2523 Principatus
825 2425 862 2499 S.
880 2425 990 2499 Sedis
1006 2426 1102 2499 dese
1121 2452 1194 2500 non
1214 2445 1272 2502 est
1291 2428 1446 2503 materia

190 2547 403 2646 dogmatica
420 2572 428 2619 :
443 2544 511 2619 sed
530 2545 613 2643 ejus
631 2543 919 2641 compatibilitas
938 2570 1022 2618 cum
1052 2545 1232 2643 regimine
1250 2546 1442 2644 spirituali,

191 2669 273 2768 ejus
303 2665 567 2742 convenientia
590 2684 628 2739 et
657 2691 794 2765 magna
824 2664 972 2750 utilitas,
1007 2665 1083 2739 imo
1115 2683 1153 2740 et
1176 2667 1380 2742 necessitas
1410 2667 1446 2740 in

192 2787 367 2886 praesenti
386 2811 509 2862 rerum
528 2785 660 2860 ordine
679 2804 766 2859 sunt
792 2786 980 2873 veritates,
1002 2811 1086 2884 quae
1100 2788 1243 2887 judicio
1265 2787 1446 2863 Ecclesiae

192 2906 360 2991 subsunt,
381 2923 494 3003 atque
525 2921 612 2979 sunt
643 2904 690 2977 ab
711 2905 790 3000 ipsa
803 2904 882 3002 jam
902 2904 1048 2991 decisae,
1069 2924 1107 2981 et
1135 2906 1220 2980 ideo
1240 2905 1446 2981 retinendae

193 3052 258 3101 seu
288 3024 485 3101 credendae
517 3042 670 3123 propter
688 3022 880 3097 infallibile
897 3021 1078 3098 Ecclesiae
1093 3025 1349 3124 magisterium
1379 3024 1400 3099 i.
1415 3051 1447 3099 e.

194 3161 347 3243 propter
374 3142 647 3217 connexionem
683 3141 730 3215 ad
750 3140 848 3215 illud.
883 3141 996 3236 Quod
1022 3142 1053 3216 si
1085 3145 1336 3218 contradictor
1370 3168 1443 3217 non

195 3261 304 3338 faciat
323 3260 453 3336 infide
472 3260 716 3358 naufragium,
734 3259 804 3332 hoc
823 3275 881 3332 est
908 3285 954 3334 ex
974 3285 1020 3333 eo
1039 3262 1139 3357 quod
1172 3261 1342 3336 Ecclesia
1375 3287 1451 3335 non

196 3379 377 3479 processit
400 3378 448 3452 ad
478 3377 719 3453 statuendum
750 3376 956 3464 articulum,
990 3402 1064 3452 non
1084 3404 1175 3453 vero
1197 3379 1285 3476 quia
1309 3376 1452 3477 judicio

199 3497 380 3573 Ecclesiae
398 3521 473 3570 non
491 3497 662 3595 subjacet
680 3493 736 3595 (¹).

250 3624 366 3699 Dices
387 3648 540 3699 :nonne
567 3647 633 3720 per
660 3621 765 3719 plura
793 3621 927 3696 saecula
959 3622 1072 3697 etiam
1093 3649 1114 3697 a
1133 3624 1372 3700 Constantini
1405 3653 1455 3700 ae-

197 3759 274 3818 tate
292 3741 409 3816 caruit
430 3739 642 3838 Principatu
673 3740 845 3814 Romana
864 3740 996 3827 Sedes,
1018 3758 1082 3815 aut
1107 3767 1172 3814 cur
1202 3742 1310 3818 Deus
1328 3746 1455 3819 statim

197 3860 246 3934 ab
260 3858 365 3933 initio
383 3857 483 3932 illum
505 3883 578 3932 non
608 3857 768 3931 instituit
787 3858 801 3931 ?

252 3984 553 4081 Respondemus:
565 3982 600 4083 t)
618 3983 747 4057 divina
769 3983 1011 4057 Providentia
1029 4009 1089 4058 res
1106 3986 1273 4059 suaviter
1291 3986 1457 4084 disponit

199 4120 238 4178 et
251 4101 445 4176 consilium
460 4120 568 4174 suum
581 4100 798 4197 exsequitur
809 4100 996 4174 ordinarie
1017 4126 1082 4197 per
1100 4126 1232 4176 causas
1254 4103 1453 4179 naturales

202 4219 415 4318 Oportebat
426 4220 528 4318 prius
540 4245 606 4316 per
621 4219 803 4294 humanas
816 4220 1091 4294 vicissitudines
1104 4221 1299 4318 imperium
1322 4224 1459 4297 Roma-

203 4364 291 4412 num
303 4338 505 4426 dissociari,
512 4357 656 4436 partem
668 4339 701 4437 ej
709 4366 749 4412 us
762 4338 928 4437 legitime
943 4339 1098 4414 subduci
1113 4366 1135 4413 a
1153 4360 1341 4438 potestate
1357 4343 1460 4415 Prin·

202 4457 295 4554 cipis
307 4475 346 4532 et
369 4456 508 4532 sensim
526 4458 606 4531 sine
634 4483 747 4531 sensu
765 4457 844 4531 dari
865 4457 1003 4532 Christi
1027 4458 1184 4534 Vicari0.
1208 4460 1317 4534 Tunc
1337 4458 1458 4533 nullus

428 4632 680 4640 *ψη--

242 4731 268 4772 t.
287 4719 333 4773 De
344 4721 471 4791 Angelis,
483 4718 834 4785 Proelect.Jurlscan.,lib.
849 4720 906 4785 111,
919 4718 960 4774 tit.
975 4721 1009 4788 V,
1023 4728 1055 4774 n⁰
1073 4736 1082 4774 ι
1090 4736 1112 4790 3.
