3496 5482
1105 446 1338 457 .—.......—.--,
1344 449 1499 458 ...-.----

652 509 869 562 concnusro
897 508 1092 560 ancrrcx.
1428 509 1500 582 397

432 610 482 616 ---
494 610 623 616 ---—-.--
759 612 868 619 „-

242 693 302 747 tus
319 667 537 746 succumbat
551 693 594 741 ac
609 687 737 764 pereat
751 668 1067 766 quemadmodum
1081 669 1225 766 periere
1238 667 1500 758 Chaldeorum,

245 788 507 890 Egyptiorum,
528 786 782 861 Romanorum
798 786 995 861 civilitates
1011 786 1185 884 antiquae.
1198 787 1362 861 Putasne
1377 786 1501 862 forsan

243 909 377 983 mutari
397 931 508 1004 posse
527 905 684 1003 primam
705 904 964 978 educationem
986 904 1054 977 viri
1073 904 1194 978 aetatis
1215 923 1379 992 maturae,
1394 905 1501 979 arbo·

244 1052 321 1102 rem
341 1024 568 1099 fructiferam
589 1022 625 1095 in
656 1020 819 1097 alienum
840 1022 1029 1096 transferri
1057 1021 1188 1109 solum,
1211 1049 1310 1099 nova
1328 1043 1366 1099 et
1385 1051 1502 1125 aegro·

243 1143 336 1219 tanti
354 1140 611 1216 constitutioni
630 1140 817 1214 contraria
835 1140 1003 1214 adhiberi
1037 1142 1212 1229 remedia,
1234 1143 1433 1240 quominus
1453 1143 1504 1218 ita

243 1263 280 1337 in
300 1287 428 1337 eorum
442 1260 676 1357 conspiretur
691 1259 834 1332 ruinam
854 1277 892 1334 et
912 1259 1056 1335 indoles
1075 1260 1144 1334 viri
1163 1261 1323 1348 vitietur,
1341 1280 1379 1337 et
1393 1263 1505 1336 arbor

243 1397 396 1467 arescat,
416 1396 454 1454 et
473 1395 662 1477 aegrotans
680 1378 780 1451 lente
799 1378 959 1474 pereat?

295 1499 440 1574 Gentes
458 1514 496 1571 et
514 1496 778 1596 generationes
797 1496 878 1571 aliae
890 1495 971 1569 aliis
989 1513 1165 1595 poterunt
1184 1499 1394 1585 succedere,
1406 1497 1506 1574 nulla

244 1633 368 1692 autem
385 1615 572 1713 pertinget
590 1614 638 1687 ad
651 1639 780 1689 verum
796 1613 1030 1712 solidumque
1044 1614 1185 1689 ordinis
1197 1632 1234 1690 et
1246 1616 1348 1714 pacis
1358 1616 1505 1691 socialis

244 1735 468 1834 praesidium,
488 1733 609 1808 donec
628 1732 819 1808 munimen
840 1731 928 1806 illud
948 1759 970 1807 e
988 1758 1099 1807 manu
1120 1733 1301 1810 Ecclesiae
1323 1737 1506 1810 Romanae

243 1854 410 1951 accipiet,
431 1869 634 1948 mutuaque
649 1876 740 1949 pace
758 1868 795 1926 et
814 1851 1012 1926 concordia
1037 1852 1137 1926 bono
1156 1853 1400 1929 communiet
1422 1879 1505 1952 pro·

245 1970 414 2069 speritati
428 1969 565 2044 civium
585 1967 829 2044 adlaborabit.

299 2088 449 2164 Interea
466 2089 590 2162 adstat
611 2085 784 2162 Ecclesia
801 2086 891 2173 haec,
899 2113 1011 2186 super
1029 2108 1173 2187 petram
1192 2089 1381 2178 collocata,
1393 2116 1506 2189 expe·

245 2224 352 2282 ctans
379 2206 643 2306 generationes
674 2205 810 2304 quibus
838 2229 955 2304 prona
974 2223 1031 2281 est
1056 2233 1123 2282 sua
1150 2208 1284 2286 offerre
1307 2210 1443 2286 auxilia
1469 2228 1507 2286 et

247 2327 409 2428 dirigere
426 2351 604 2427 gressus:
626 2323 714 2398 “Et
733 2323 802 2398 erit
821 2324 857 2397 in
877 2325 1091 2401 novissimis
1110 2326 1241 2402 diebus
1261 2325 1306 2429 (¹)
1324 2355 1507 2427 praepara·

248 2462 307 2521 tus
338 2470 446 2520 mons
475 2446 608 2520 domus
642 2441 798 2516 Domini
823 2441 860 2515 in
891 2444 1031 2519 vertice
1062 2447 1292 2522 montium...
1327 2467 1365 2524 et
1392 2447 1508 2524 fluent

249 2564 398 2638 adeum
418 2587 550 2638 omnes
568 2579 713 2661 gentes,
735 2559 753 2588 ’¹
768 2603 817 2615 —
838 2559 921 2634 Erit
944 2571 965 2599 “
982 2563 1089 2659 quasi
1105 2564 1223 2639 malus
1244 2566 1350 2641 navis
1370 2567 1407 2641 in
1427 2591 1508 2642 ver-

249 2682 321 2757 tice
348 2682 530 2756 montium
557 2699 595 2756 et
617 2678 722 2778 quasi
742 2679 892 2776 signum
911 2705 1024 2778 super
1047 2681 1179 2758 collem
1195 2681 1238 2784 (²)
1257 2683 1275 2712 ”
1295 2684 1331 2759 in
1351 2685 1508 2760 salutem

251 2800 550 2900 naufragantium
571 2797 803 2897 populorum.

300 2919 364 2993 Ad
382 2919 477 2993 hanc
495 2917 702 2993 Ecclesiam
725 2916 936 2990 Romanam
956 2917 1160 3018 confugere
1178 2919 1335 3018 ejusque
1357 2922 1509 2997 Pontifi-

249 3060 330 3111 cem
367 3037 404 3111 in
440 3036 596 3134 pristina
623 3061 690 3110 sua
714 3033 903 3109 vindicare
929 3036 1015 3135 jura
1043 3053 1217 3135 oportet:
1250 3038 1285 3112 in
1316 3039 1397 3114 solo
1425 3042 1510 3141 jure

251 3153 442 3229 Pontificis
473 3151 760 3237 consolidantur,
789 3151 1081 3249 incorporantur,
1112 3153 1350 3231 incarnantur
1377 3178 1509 3234 cuncta

244 3273 329 3372 jura
349 3297 438 3346 vera
455 3271 644 3345 societatis
663 3269 828 3368 cujusvis
847 3294 890 3343 ac
909 3270 945 3343 in
958 3270 1087 3367 primis
1101 3273 1292 3349 societatis
1307 3277 1509 3366 modernae,

248 3389 329 3465 sola
360 3389 517 3487 proinde
545 3388 729 3463 restitutio
760 3386 871 3483 h'ujus
900 3405 987 3463 nata
1018 3407 1075 3464 est
1106 3391 1239 3469 afferre
1270 3394 1440 3471 ordinem
1472 3415 1511 3472 et

251 3532 381 3606 pacem
400 3507 496 3582 sicut
514 3504 877 3606 denegati0,eversio
895 3522 933 3580 et
951 3528 1210 3585 consummata
1227 3511 1401 3609 spoliatio
1414 3515 1511 3614 jam·

245 3626 325 3726 jam
344 3641 648 3701 consummatura
667 3641 725 3698 est
744 3622 886 3697 ruinam
907 3641 1085 3701 nostram.

658 3810 760 3885 me
787 3833 847 3885 sm
872 3811 959 3885 Rex
980 3811 1128 3889 Roma!

251 3953 338 4006 unc
367 3952 436 4005 ssr
464 3938 599 4006 sunna
625 3950 789 4005 sonurro
815 3951 1056 4017 ourssnoxrs
1084 3954 1253 4009 socrxus
1282 3957 1510 4014 enmssxns.

306 4113 439 4188 Manet
458 4138 526 4211 per
542 4110 678 4187 saecula
697 4112 939 4189 irrevocabile
960 4115 1212 4192 Providentiae
1227 4118 1301 4194 Dei
1319 4119 1511 4196 decretum

252 4231 289 4305 in
311 4230 518 4307 Ecclesiam
544 4256 661 4317 suam,
679 4230 887 4305 Ecclesiam
917 4233 1150 4310 Catholicam
1178 4236 1400 4314 Romanam.
1424 4238 1512 4314 Hoc

252 4365 311 4424 est
323 4347 570 4423 “Immortale
585 4349 659 4424 Dei
672 4348 885 4425 miserentis
896 4375 1002 4448 opus,
1010 4352 1327 4449 quod...salutem
1337 4371 1513 4453 spectans

291 4593 312 4634 r.
333 4580 379 4649 Is,
394 4592 426 4647 11,
440 4596 464 4634 2.

289 4671 312 4714 a
327 4659 407 4729 Ibid,
421 4672 497 4729 xxx,
515 4672 555 4728 17.
