3496 5482
322 436 583 447 ῥα*

321 484 394 570 366
727 499 821 549 enen
848 498 909 548 sir
936 499 1013 548 nex
1040 499 1169 550 nonne.

320 657 548 755 Europaeum
563 659 641 756 jam
662 655 867 742 sufficiant;
887 681 955 731 nec
975 656 1059 730 ideo
1084 675 1209 732 tamen
1229 684 1294 732 eos
1323 658 1470 735 inutiles
1488 685 1575 735 cen·

318 801 454 863 semus,
475 802 600 873 quum,
621 802 643 849 e
662 794 800 860 contra,
823 774 1076 849 indesinenter
1089 776 1364 851 manifestando
1382 778 1575 875 aspiratio·

319 921 385 969 nes
403 894 669 970 catholicorum
689 893 920 993 populorum,
954 895 989 968 in
1021 920 1133 969 causa
1161 895 1304 971 futuros
1323 922 1407 970 esse
1432 894 1594 993 possint

317 1013 380 1111 qui
400 1031 615 1110 potentatus
637 1013 809 1110 Europae.
831 1012 920 1086 dato
938 1012 1213 1087 internationali
1232 1032 1430 1100 conventu,
1451 1015 1576 1089 unius·

318 1133 519 1209 alteriusve
533 1132 794 1207 commotionis
808 1131 978 1229 politicae,
995 1159 1026 1207 e.
1041 1158 1076 1232 g.
1093 1134 1436 1229 componendarum
1454 1158 1575 1208 rerum

319 1252 526 1326 Turcarum
537 1252 710 1338 causa,de
723 1251 986 1349 reintegranda
999 1249 1576 1350 independentiaS.Apostolicae

319 1372 430 1446 etiam
462 1388 619 1445 tractare
646 1387 793 1468 cogant.
829 1370 895 1455 lta,
930 1395 1054 1445 nonne
1082 1396 1181 1445 anno
1222 1374 1314 1465 1815
1351 1395 1576 1470 congressus

319 1489 545 1564 Viennensis
559 1488 606 1562 ad
619 1514 678 1563 res
693 1487 861 1585 politicas
875 1490 1155 1586 componendas
1167 1516 1214 1565 ex
1232 1491 1425 1589 proposito
1439 1514 1576 1564 convo·

320 1626 433 1694 catus,
457 1607 563 1681 Pium
578 1606 656 1680 Vll
680 1606 715 1679 in
732 1607 1009 1704 possessionem
1026 1608 1242 1683 Patrimonii
1259 1609 1300 1683 B.
1324 1608 1424 1684 Petri
1444 1609 1576 1682 iterum

320 1727 481 1802 restituit
495 1725 509 1800 ?
521 1726 597 1822 Qui
609 1743 790 1823 praeterea
805 1725 965 1799 influxus
981 1753 1249 1827 congressuum
1263 1728 1484 1827 populorum
1496 1753 1577 1826 per·

320 1846 504 1944 spicacem
525 1864 688 1918 mentem
701 1844 916 1943 peritissimi
932 1845 1095 1920 Ministri
1112 1846 1331 1933 Gladstone‚
1341 1865 1384 1952 ut
1396 1847 1477 1945 ipse
1488 1846 1578 1920 late-

320 1984 387 2051 tur,
409 1990 482 2037 non
512 1962 628 2048 latuit,
650 1988 717 2036 nec
745 1962 857 2037 hodie
884 1962 1052 2037 Leonem
1081 1964 1186 2038 Xlll
1220 1963 1320 2051 latet,
1340 1990 1455 2063 quum
1478 1964 1577 2038 haud

318 2081 434 2157 semel
453 2081 622 2155 hortatus
641 2080 689 2156 sit
707 2079 911 2155 catholicos
933 2081 1062 2156 fideles
1082 2100 1122 2157 ut
1144 2082 1239 2157 hanc
1269 2084 1368 2158 viam
1395 2102 1469 2180 qua
1487 2082 1577 2179 ipsis

318 2201 472 2275 victoria
489 2218 590 2275 certa
614 2199 732 2273 serius
750 2200 852 2273 ocius
883 2200 931 2274 sit
962 2201 1170 2275 obventura
1192 2200 1236 2300 (¹)
1264 2219 1385 2276 terere
1406 2212 1575 2299 pergant.

323 2321 454 2418 ltaque
472 2321 569 2394 actio
593 2318 755 2392 adunata
783 2318 1049 2394 catholicorum
1069 2337 1109 2394 ut
1135 2346 1224 2395 vere
1247 2319 1428 2417 prodesse
1446 2319 1574 2417 possit,

318 2459 467 2540 oportet
478 2465 544 2513 eos
559 2437 769 2524 reclamare,
779 2439 980 2513 reclamare
994 2440 1171 2514 continuo
1184 2440 1457 2514 restitutionem
1473 2437 1576 2516 Prin·

319 2560 463 2658 cipatus
477 2558 524 2631 ab
543 2582 672 2631 eorum
696 2558 805 2632 Patre
819 2558 1008 2631 communi
1028 2557 1154 2655 inique
1173 2557 1296 2633 ablati.

373 2677 484 2751 Faxit
506 2676 611 2749 Deus
637 2675 718 2748 urii
746 2701 914 2772 quorum,
936 2701 1050 2773 quum
1075 2676 1228 2772 praesint
1252 2676 1512 2752 sodalitatibus
1539 2693 1577 2750 et

319 2794 629 2869 associationibus
647 2793 956 2880 civiuminterest
972 2819 1039 2890 pro
1046 2820 1060 2891 J
1068 2819 1131 2868 ure
1150 2812 1187 2867 et
1201 2795 1348 2891 justitia
1361 2813 1514 2879 certare,
1535 2795 1577 2866 in

319 2915 435 3010 capite
458 2912 749 2985 uz'ndicationum
762 2938 917 2984 suarum
934 2913 1162 2985 conscribant
1180 2912 1468 2987 sacratissimum
1488 2910 1577 2985 illud

313 3033 377 3130 jus
400 3029 589 3104 Pontificis
620 3029 894 3116 vindicandum,
917 3030 952 3102 in
976 3056 1051 3127 quo
1077 3049 1252 3105 concreto
1280 3029 1513 3104 includuntur
1540 3047 1578 3104 et

321 3152 487 3226 funditus
507 3151 703 3226 restaurari
718 3171 861 3249 queunt
875 3177 917 3224 ac
929 3151 1069 3225 debent
1081 3171 1214 3226 cuncta
1227 3152 1313 3249 jura
1329 3151 1480 3226 socialia
1490 3152 1578 3225 civi·

321 3272 369 3345 lia
388 3298 430 3345 ac
449 3272 604 3368 privata.

375 3390 485 3463 Faxit
520 3415 670 3487 quoque
696 3390 812 3475 Deus,
847 3409 886 3463 ut
918 3389 1098 3487 speciales
1127 3389 1293 3464 oriantur
1333 3389 1473 3487 ubique
1513 3413 1580 3486 per

323 3507 465 3582 Orbem
478 3532 701 3605 congressus
719 3508 885 3582 omnium
904 3507 1167 3581 catholicarum
1186 3508 1365 3605 gentium,
1383 3508 1430 3581 ad
1448 3531 1579 3604 perpe·

323 3625 542 3700 netrandam
562 3626 682 3723 magis
701 3625 948 3722 quaestionem
971 3627 1181 3699 Romanam
1201 3627 1357 3724 ejusque
1379 3625 1580 3699 connexio·

323 3769 409 3818 nem
429 3744 691 3829 intimam,imo
707 3744 1056 3829 necessariamcum
1068 3742 1276 3840 quaestione
1294 3741 1580 3816 socialisolven·

323 3866 379 3940 da
406 3866 611 3963 indagetur
633 3883 782 3962 oportet
809 3890 981 3963 quaenam
1011 3863 1149 3937 luerint
1176 3861 1340 3960 sequelae
1360 3862 1506 3937 miserae
1532 3887 1580 3935 ex

323 3983 546 4083 spoliatione
566 3983 604 4057 S.
627 3983 738 4057 Sedis
753 3983 895 4057 obortae
916 3984 951 4055 in
970 3983 1190 4056 societatem
1214 3980 1439 4078 Europaeam
1455 4008 1462 4067 ;
1481 4005 1580 4080 quae·

325 4128 411 4175 nam
430 4101 478 4175 sit
496 4099 643 4174 socialis
663 4120 793 4176 natura
820 4100 930 4200 hujus
950 4099 1111 4173 inlandae
1130 4124 1172 4172 ac
1192 4098 1425 4196 persistentis
1447 4096 1580 4195 spolia·

326 4221 458 4308 tionis;
478 4238 657 4318 quantum
678 4220 757 4294 haec
777 4219 947 4294 habuerit
966 4218 1145 4292 influxum
1166 4218 1202 4290 in
1222 4243 1361 4291 novum
1371 4210 1434 4316 jus
1445 4215 1581 4289 sociale

326 4357 363 4413 et
382 4339 635 4412 conditionem
655 4356 878 4434 praesentem
898 4338 1110 4423 societatis;
1130 4362 1302 4434 quaenam
1322 4334 1371 4409 sit
1390 4332 1519 4408 relatio
1544 4351 1582 4407 et

325 4457 486 4530 affinitas
505 4459 586 4554 ejus
604 4458 652 4529 ad
671 4477 792 4530 sectas
811 4457 1051 4530 socialisticas
1076 4482 1160 4552 quae
1188 4457 1307 4527 ordini
1332 4452 1457 4527 sociali
1478 4453 1581 4524 mini·

365 4656 387 4695 1.
402 4640 504 4708 Prelot‚
517 4625 627 4694 Etudes
639 4641 808 4712 relrgr'euses,
822 4653 840 4696 t.
854 4642 897 4710 65,
911 4659 935 4712 p·
954 4656 1015 4710 449.
