3496 5482
183 506 308 514 ...........-
319 506 706 514 ’.ῳ-ψ...
714 506 882 512 —..---
888 501 1433 512 -.-.-..----———-------

634 571 756 623 canus
782 571 982 635 ounnnun.
1392 565 1437 639 73

178 733 228 808 ob
246 733 433 809 excelsam
453 761 557 810 suam
576 735 810 836 dignitatem,
838 754 916 809 tum
946 733 996 808 ob
1026 734 1203 834 adjuncta
1226 751 1382 808 externa
1400 748 1437 806 et

179 878 268 928 vere
281 853 576 951 providentialia.

234 982 327 1057 lnde
345 983 531 1084 gradatim
551 1009 618 1081 per
636 1001 711 1059 tres
730 984 836 1081 quasi
864 982 1028 1079 epochas
1056 979 1263 1056 dominium
1296 998 1437 1075 tempo-

180 1099 256 1176 rale
282 1099 440 1198 privatae
471 1100 709 1199 proprietatis
739 1100 873 1176 crescit
900 1101 936 1175 in
967 1099 1174 1176 dominium
1206 1096 1438 1194 Principatus

177 1218 308 1307 civilis,
328 1220 449 1294 donec
467 1219 514 1294 ad
530 1219 676 1295 culmen
696 1218 973 1294 constitutionis
992 1237 1029 1294 et
1056 1215 1344 1317 organisationis
1361 1241 1440 1289 suae

179 1337 408 1435 provehatur
426 1337 496 1411 sub
515 1337 653 1412 Carolo
674 1337 820 1435 Magno
838 1355 876 1412 et
898 1338 1028 1411 Leone
1051 1336 1125 1409 lll.
1147 1336 1282 1408 Prima
1310 1333 1439 1430 epocha

180 1455 303 1552 potius
322 1454 522 1530 innotescit
541 1481 607 1551 per
625 1454 804 1528 influxum
835 1455 1035 1551 quemdam
1055 1451 1202 1526 civilem
1230 1471 1267 1526 et
1286 1475 1439 1549 gressus

180 1572 265 1647 lacit
283 1599 305 1646 a
324 1572 503 1648 scissione
517 1573 660 1669 imperii
677 1570 882 1647 Orientalis
901 1573 948 1646 ab
968 1570 1203 1647 Occidentali
1218 1568 1336 1668 (395).
1367 1568 1437 1642 Cui

179 1693 374 1794 posteriori
407 1694 617 1769 successive
647 1718 763 1793 regna
798 1693 1026 1768 Herulorum
1057 1689 1165 1791 (4'75)
1196 1709 1233 1765 et
1254 1689 1437 1786 Ostrogo-

179 1812 327 1886 thorum
347 1811 459 1886 finem
480 1813 703 1909 imposuere,
724 1813 845 1887 donec
875 1811 1026 1886 tandem
1047 1810 1243 1907 imperium
1271 1832 1438 1907 graecum

180 1929 640 2026 Constantinopolitanum
660 1931 724 2003 vix
743 1948 780 2005 et
801 1956 847 2005 ne
862 1931 924 2004 vix
944 1929 1095 2028 quidem
1119 1926 1263 2002 ltaliam
1283 1928 1438 2026 ejusque
1494 1929 1497 1933 ’

179 2047 338 2147 populos
362 2049 538 2150 subigere
557 2069 615 2125 est
641 2067 815 2125 conatum
838 2053 925 2145 (554
956 2050 1004 2123 ad
1036 2045 1134 2147 568).
1173 2046 1238 2120 Uti
1272 2045 1438 2119 dicemus

129 2207 132 2211 ·
180 2166 258 2241 haec
291 2186 416 2242 tamen
437 2168 655 2242 Graecorum
685 2168 831 2242 invasio
852 2186 896 2268 et
917 2167 1106 2265 possessio
1136 2190 1221 2238 mox
1245 2188 1266 2237 a
1289 2163 1438 2260 Longo*
1516 2260 1519 2267 Ι

54 2345 56 2349 .
180 2285 304 2360 bardis
324 2285 493 2384 impetita
512 2284 699 2384 nunquam
721 2312 794 2360 non
815 2287 990 2383 praecaria
1005 2285 1158 2361 exstitit.

234 2412 295 2485 Ex
314 2410 526 2510 hujusmodi
546 2412 732 2509 adjunctis
752 2433 962 2511 temporum
996 2431 1033 2486 et
1060 2436 1183 2486 rerum
1215 2432 1296 2484 non·
1318 2405 1439 2506 potuit

179 2529 267 2627 quin
288 2530 450 2605 maxime
468 2547 653 2604 cresceret
684 2529 743 2603 ille
760 2530 922 2603 influxus
942 2529 1060 2603 civilis
1092 2528 1324 2611 Pontificum,
1346 2549 1438 2622 prae·

179 2647 307 2721 sertim
326 2673 410 2722 cum
433 2647 676 2746 Longobardi
689 2647 769 2746 jam
790 2673 964 2748 magnam
989 2646 1105 2722 ltaliae
1120 2664 1263 2744 partem
1282 2667 1438 2739 occupa·

40 2750 43 2755 ⁵
140 2764 142 2769 ’
181 2766 313 2842 verint.

234 2892 385 2967 Etenim
406 2913 534 2968 contra
554 2894 787 2968 invasionem
808 2893 940 2968 horum
970 2894 1212 2967 barbarorum
1241 2891 1438 2986 imperato·

181 3036 239 3084 res
260 3010 457 3107 Byzantini
480 3011 627 3085 ltaliam
661 3011 807 3087 nonnisi
838 3011 1062 3110 segnissime
1093 3003 1131 3084 et
1150 3009 1258 3106 plane
1279 3004 1438 3081 ineffica·
1488 3070 1490 3075 .

180 3129 271 3202 citer
289 3127 548 3215 defenderunt,
583 3130 633 3203 ita
663 3147 703 3203 ut
735 3155 822 3203 mox
852 3129 931 3202 sola
958 3154 1045 3225 spes
1079 3126 1256 3202 Italorum
1276 3144 1313 3199 et
1339 3122 1439 3198 salus
1563 3189 1565 3192 Α

108 3314 112 3321 .
180 3246 310 3345 patriae
332 3246 369 3319 in
404 3247 489 3320 RR.
525 3246 746 3320 Pontificum
777 3247 1053 3322 interventione
1082 3264 1119 3322 et
1151 3245 1293 3321 influxu
1319 3241 1440 3340 posita

180 3364 490 3439 videretur.Hinc
503 3365 664 3440 influxus
679 3365 851 3463 politicus
869 3365 1102 3451 Pontificum,
1119 3365 1204 3439 hinc
1218 3361 1439 3461 populorum

65 3553 70 3562 .
181 3507 350 3556 recursus
368 3500 406 3556 et
426 3484 519 3557 ratio
537 3482 759 3558 convolandi
779 3484 826 3555 ad
855 3484 956 3581 ipsos
984 3502 1160 3585 tanquam
1180 3482 1227 3555 ad
1249 3479 1440 3577 Principes

180 3624 279 3673 SUOS.

231 3725 361 3800 Oritur
379 3724 465 3799 hinc
483 3727 641 3799 secunda
654 3725 783 3823 epocha
803 3751 887 3823 quae
907 3734 1007 3802 recte
1026 3727 1211 3802 diceretur
1237 3722 1441 3798 elaboratio

149 3847 152 3853 ’
180 3842 306 3916 suavis
325 3843 432 3941 primi
455 3843 573 3918 nuclei
594 3844 747 3918 dominii
771 3845 986 3942 temporalis
996 3847 1106 3942 Papae
1120 3845 1295 3918 inSlatus
1312 3843 1441 3917 Ponti·
1518 3839 1521 3843 ’

178 3959 281 4050 ficr'os
301 3961 531 4058 Reipublicae
553 3962 736 4037 Romanae
755 3963 813 4036 cui
833 3964 1016 4039 accedunt
1040 3963 1143 4038 brevi
1164 3981 1201 4037 et
1219 3960 1301 4036 aliae
1324 3960 1441 4035 ltaliae

181 4099 317 4178 partes.

233 4207 342 4282 Tunc
361 4207 460 4282 enim
480 4209 659 4306 temporis
677 4208 775 4284 hunc
798 4208 1052 4307 Principatum
1067 4208 1213 4283 civilem
1229 4227 1439 4305 agnoscunt

182 4320 295 4425 atque
312 4327 414 4402 dono
439 4327 662 4405 confirmant
681 4357 771 4429 erga
793 4331 981 4405 Ducatum
1004 4331 1216 4403 Romanum
1235 4327 1283 4402 ad
1303 4345 1439 4400 utram-

182 4471 255 4543 que
274 4445 425 4519 Tiberis
441 4447 568 4544 ripam.
589 4449 826 4523 Athalaricus
846 4448 1114 4523 etTheodatus
1126 4447 1282 4548 legitimi
1295 4470 1440 4520 succes·

71 4639 73 4642 Α
157 4590 287 4639 'sores
316 4566 634 4664 Ostrogothornm
671 4595 799 4668 regum
832 4567 1040 4664 (526-533).
1077 4570 1232 4642 Accedit
1261 4568 1439 4671 deinceps

184 4680 328 4756 sanctio
342 4685 571 4787 pragmatica
583 4686 719 4787 Justini
735 4686 968 4787 imperatoris
980 4686 1120 4791 Vigilio
1138 4687 1249 4787 Papae
1261 4711 1440 4765 concessa
