3496 5482
191 486 423 494 ›————--——

659 550 781 599 CAPUT
808 550 963 600 NONUM.
1371 555 1439 604 211

188 712 339 787 turbant
368 710 429 787 vel
458 711 658 799 eradicant,
690 755 741 767 -
758 712 839 785 sive
871 709 1101 811 intelligatur
1124 736 1236 785 sensu
1267 709 1451 789 illimitato

187 849 225 906 et
243 830 425 919 absoluto,
445 831 526 906 sive
552 855 664 905 sensu
683 828 809 927 aliquo
838 829 1020 916 restricto,
1046 827 1178 904 laisum
1196 847 1255 905 est
1273 849 1311 904 et
1329 831 1451 928 perni-

188 933 329 1023 ciosum
351 946 405 1048 (¹).
428 948 444 976 ”

240 1067 539 1141 Praenotandum.
560 1067 729 1165 Populus
745 1083 783 1142 et
802 1065 912 1152 notia,
935 1065 965 1139 si
993 1082 1184 1163 spectatur
1206 1092 1296 1142 usus
1313 1065 1451 1167 linguae

188 1182 322 1270 latinae,
344 1210 580 1284 nequaquam
598 1201 685 1259 sunt
706 1184 857 1258 nomina
877 1183 987 1282 plane
1005 1210 1231 1283 synonyma.

237 1301 405 1400 Populus
423 1320 578 1378 vocatur
589 1301 788 1377 multitudo
808 1301 1028 1375 familiarum
1046 1302 1150 1376 unita
1169 1301 1332 1400 politice,
1345 1302 1451 1378 verbi

187 1420 307 1518 gratia
325 1422 395 1495 sub
415 1446 489 1495 uno
509 1421 741 1518 imperatore,
763 1419 851 1518 quin
871 1418 918 1492 ad
938 1417 1159 1494 familiarum
1180 1419 1364 1520 originem
1390 1420 1451 1497 vel

188 1538 235 1612 ad
255 1565 383 1614 eorum
402 1539 569 1639 linguam
588 1540 813 1615 attendatur.

236 1661 358 1736 Natz'o
376 1686 477 1749 vero,
498 1688 520 1735 a
537 1661 714 1735 nascendo
731 1660 839 1745 dicta,
861 1659 1037 1734 unionem
1065 1659 1244 1759 designat
1262 1603 1450 1794 physiolo-

188 1778 320 1877 gicam,
340 1805 425 1878 quae
453 1805 501 1855 ex
532 1779 673 1854 unitate
684 1776 848 1876 originis
879 1778 927 1851 ab
946 1777 1070 1876 aliqua
1101 1778 1219 1876 stirpe
1248 1778 1449 1867 communi,

190 1922 264 1971 non
283 1915 427 1973 attenta
445 1896 597 1996 politica
615 1897 767 1984 unitate,
790 1896 888 1971 inter
906 1894 1080 1970 homines
1099 1896 1235 1972 existit.

242 2015 277 2088 N
283 2015 522 2090 ationalitatis
540 2015 776 2090 characteres
794 2011 975 2111 speciales
995 2031 1174 2088 eruuntur
1198 2039 1245 2089 ex
1264 2015 1452 2089 communi

189 2132 314 2233 lingua
333 2153 447 2233 atque
466 2133 644 2235 singulari
664 2132 817 2233 ingenio
849 2132 1022 2229 proprio:
1042 2150 1080 2207 et
1099 2131 1296 2208 definitur:
1317 2143 1338 2172 “
1357 2133 1451 2231 Spe·

189 2251 290 2326 cialis
319 2253 486 2351 corporis
517 2271 554 2328 et
586 2251 700 2327 animi
733 2248 876 2325 indoles
904 2249 1129 2325 multitudini
1160 2250 1382 2327 familiarum
1401 2278 1448 2328 ex

189 2373 377 2446 communi
407 2372 552 2470 origine
583 2371 739 2468 aliisque
769 2369 874 2444 lactis
894 2369 1079 2443 historicis
1111 2369 1271 2467 propria,
1291 2396 1450 2468 eamque

189 2489 238 2593 ab
256 2490 431 2564 omnibus
449 2489 530 2564 aliis
550 2487 848 2563 multitudinibus
864 2479 1061 2562 manifeste
1080 2487 1297 2564 discernens
1317 2487 1407 2589 (²⁹).'

242 2606 357 2681 Porro
376 2607 455 2683 fieri
474 2607 626 2704 quidem
646 2624 779 2704 potest,
801 2624 841 2679 ut
859 2605 983 2703 aliqua
1002 2605 1104 2680 natio
1123 2623 1211 2693 tota
1232 2632 1353 2705 eaque
1371 2605 1450 2682 sola

190 2753 305 2801 unum
325 2726 502 2825 populum
522 2752 634 2801 sensu
663 2727 878 2823 supradicto
898 2724 1044 2812 efficiat,
1077 2725 1114 2799 id
1133 2726 1234 2824 quod
1255 2726 1385 2802 unitati
1406 2753 1449 2802 ac

189 2845 352 2920 firmitati
371 2844 574 2920 admodum
605 2844 716 2920 lavet.
744 2844 962 2942 Saepissime
981 2862 1106 2918 tamen
1137 2843 1238 2919 natio
1270 2844 1306 2918 in
1327 2843 1451 2943 plures

189 2963 347 3061 populos
366 2962 553 3048 dividitur,
576 2963 629 3037 uti
648 2960 736 3036 olim
756 2963 792 3036 in
816 2961 922 3036 ltalia
942 2980 979 3036 et
999 2962 1204 3037 Germania
1223 2962 1345 3036 visum
1365 2980 1449 3050 est;

188 3126 239 3137 —
257 3081 316 3155 vel
340 3081 558 3166 vice-versa,
592 3080 718 3179 plures
738 3080 920 3166 nationes,
952 3080 1005 3153 uti
1026 3105 1124 3155 nunc
1156 3080 1192 3153 in
1224 3079 1390 3167 Austria,
1412 3079 1449 3154 in

190 3224 304 3273 unum
324 3200 500 3273 uniuntur
514 3198 704 3297 populum.
723 3198 818 3272 Haec
834 3199 955 3273 unitas
971 3198 1121 3295 politica
1132 3223 1199 3272 seu
1211 3198 1358 3273 socialis
1370 3199 1450 3296 qui·

189 3319 275 3393 dem
294 3317 343 3391 ob
364 3318 613 3392 membrorum
640 3317 860 3391 varietatem
881 3341 955 3390 non
976 3316 1026 3390 ita
1056 3315 1161 3389 firma
1179 3316 1328 3402 existit;
1349 3316 1449 3413 quod

189 3437 220 3512 si
240 3456 364 3510 tamen
384 3437 432 3510 sit
450 3435 649 3522 sufficiens
669 3434 752 3509 talis
773 3435 870 3521 unio,
891 3434 1077 3511 variarum
1095 3436 1266 3533 gentium
1285 3436 1356 3510 sub
1375 3460 1450 3511 uno

189 3560 321 3658 capite,
342 3560 569 3634 omnimodae
588 3558 741 3632 culturae
759 3575 797 3633 et
815 3558 1053 3655 prosperitati
1073 3559 1236 3655 prodest.

243 3678 355 3751 Nunc
382 3677 561 3776 quaeritur
589 3695 713 3751 utrum
742 3674 918 3774 quaelibet
949 3676 1060 3760 natio,
1081 3703 1116 3750 v.
1151 3701 1188 3775 g.
1211 3702 1295 3775 quae
1322 3676 1450 3777 lingua

191 3796 304 3871 utitur
326 3793 462 3882 Italica,
487 3820 606 3892 eaque
625 3812 713 3879 tota,
735 3794 771 3868 in
790 3819 904 3867 unum
922 3790 1101 3891 populum
1121 3793 1447 3891 independentem‚

190 3940 265 3989 non
283 3913 520 3988 obstantibus
533 3913 681 4012 juribus
699 3912 1006 4010 quibuscumque,
1029 3912 1123 3984 uniri
1143 3930 1256 4010 queat
1275 3913 1289 3986 ?

240 4032 338 4106 Sunt
356 4032 420 4129 qui
439 4031 476 4105 id
490 4031 677 4106 affirmant
690 4029 870 4114 absolute,
887 4048 924 4104 et
939 4029 1159 4126 principium
1182 4028 1448 4106 nationalitatis

189 4170 428 4248 propugnant
463 4176 577 4225 sensu
614 4149 832 4233 illzmilat0,·
876 4148 928 4222 ita
974 4147 1174 4223 Massones
1207 4168 1448 4246 usurpatores

116 4261 121 4274 ·
194 4265 400 4367 nomae).

226 4497 247 4536 1.
266 4481 311 4536 De
323 4479 450 4534 libertate
461 4479 628 4533 insectatore
640 4476 730 4532 civili.
744 4478 798 4532 Th.
813 4477 984 4544 XXXVIII,
998 4493 1024 4547 p.
1039 4490 1099 4545 392.

226 4576 251 4710 Ξ.
272 4559 522 4708 llidtcelblbbblic
544 4636 689 4708 aetraque
711 4636 738 4691 Ia
760 4634 958 4691 souverainete
980 4652 1047 4690 sous
1067 4650 1124 4689 une
1145 4644 1226 4691 autre
1248 4637 1346 4692 forme.
1363 4635 1386 4690 Il
1404 4646 1448 4692 est

190 4721 321 4795 presente
331 4736 398 4776 sous
411 4719 439 4774 la
450 4719 541 4774 forme
555 4717 707 4774 nationale.
724 4717 747 4772 lI
760 4733 777 4772 a
790 4716 905 4772 invente
917 4717 944 4771 Ie
957 4715 1085 4788 principe
1096 4717 1147 4772 des
1161 4716 1351 4773 nationalitds.
1366 4717 1447 4781 Voici
