3496 5482
365 521 412 607 96
777 537 871 587 rara
898 536 957 588 srr
985 537 1060 586 nux
1090 535 1215 586 aonia.

416 709 471 770 14.
485 697 745 773 Sacratissima
759 697 911 772 demum
925 717 962 770 et
976 697 1175 772 fortissima
1194 697 1401 771 sanctitatis
1420 695 1623 769 munimina

365 816 562 891 manifeste
582 833 710 914 patent
735 833 773 889 et
801 815 984 912 inprimis
1007 815 1110 889 Urbs
1132 816 1253 888 Roma
1269 831 1306 889 et
1325 813 1624 912 reliquatempo·

364 931 452 1007 ralia
472 933 511 1008 S.
530 934 641 1009 Sedis
660 933 930 1028 dominiaQuo
945 933 1044 1007 enim
1061 933 1219 1008 tendunt
1238 952 1275 1007 et
1294 933 1421 1006 odium
1436 930 1622 1029 quoillam

364 1072 640 1150 prosequuntur
668 1052 807 1127 diaboli
849 1070 887 1127 et
925 1051 1077 1127 asseclae
1117 1078 1244 1127 eorum
1285 1052 1498 1137 Massones,
1547 1076 1623 1148 quo

364 1169 668 1258 machinationes,
684 1171 753 1245 nisi
774 1188 813 1245 ut
833 1196 911 1246 rem
930 1190 1205 1246 sacrosanctam
1234 1170 1435 1246 evertant?
1457 1181 1477 1248 ‘,‘
1502 1168 1619 1265 Quin·

363 1288 438 1362 imo
457 1289 487 1362 si
507 1288 836 1375 animadvertatur,
874 1290 1001 1364 scribit
1023 1290 1103 1364 Leo
1123 1289 1242 1375 Xfll,
1273 1287 1411 1364 bellum
1434 1288 1622 1362 Romano-

363 1432 442 1479 rum
466 1405 686 1480 Pontificum
709 1407 936 1504 Principatui
956 1405 1096 1480 illatum
1114 1406 1307 1482 Ecclesiae
1326 1408 1453 1482 hostes
1473 1431 1622 1503 semper

362 1542 532 1598 auctores
551 1524 738 1611 habuisse,
770 1543 883 1622 atque
916 1525 1054 1599 ultimis
1073 1525 1176 1600 hisce
1195 1525 1427 1623 temporibus
1452 1522 1621 1621 perduel-

361 1642 450 1719 lium
482 1646 759 1743 conjuratorum
791 1665 922 1731 sectas,
953 1646 1089 1742 quibus
1122 1645 1159 1718 in
1181 1643 1387 1718 Dominatu
1415 1643 1621 1718 evertendo
1712 1669 1715 1675 ’

361 1763 460 1838 civili
473 1790 578 1839 mens
598 1764 675 1850 fuit,
694 1764 742 1838 ad
763 1764 881 1860 ipsam
901 1762 1130 1860 spiritualem
1153 1762 1374 1838 Pontificum
1395 1779 1619 1859 potestatem
1643 1786 1649 1797 ¹

361 1881 654 1980 aggrediendam
672 1899 786 1979 atque
801 1881 1093 1980 oppugnandam
1107 1882 1205 1955 viam
1227 1881 1296 1954 sibi
1312 1881 1465 1977 aperire,
1484 1879 1620 1952 —hoc

362 1999 459 2074 idem
491 1999 689 2074 manifesto
719 1999 923 2086 confirmat,
945 2000 1147 2073 etiamnum
1182 1999 1324 2098 regium
1364 1998 1619 2072 Romanorum
1717 2008 1722 2018 '

365 2116 585 2191 Pontificum
623 2117 873 2214 Principatum
904 2117 940 2189 in
972 2117 1122 2192 divinae
1156 2116 1418 2193 Providentiae
1455 2114 1619 2190 consiliis

361 2255 651 2333 esse,tamquam
679 2235 842 2309 medium
871 2234 919 2308 ad
946 2234 1139 2332 pacificum
1169 2234 1396 2332 apostolicae
1423 2233 1620 2332 potestatis

361 2354 589 2440 exercitium,
628 2378 742 2451 quum
794 2354 1009 2428 eorumdem
1051 2353 1305 2428 autonomiam
1337 2352 1620 2450 libertatemque

362 2471 560 2546 efficaciter
597 2489 743 2546 tueatur
761 2470 817 2570 (¹).
839 2471 855 2497 ”
1661 2469 1663 2473 ’

416 2600 437 2629 “
457 2590 674 2665 Adversarii
702 2589 810 2663 huius
833 2590 1065 2687 Principatus
1092 2615 1240 2688 semper
1259 2590 1406 2663 fuerunt
1425 2589 1561 2662 inimici
1581 2605 1619 2663 et

363 2728 620 2806 persecutores
642 2706 835 2782 Ecclesiae
850 2705 905 2807 (²).
927 2708 944 2735 ”

416 2826 591 2901 “Omnia
610 2843 729 2900 tentat
749 2826 909 2901 Satanas
928 2844 1056 2899 contra
1078 2823 1286 2900 Ecclesiam
1309 2824 1620 2920 Dei‚praesertim

362 2970 453 3019 vero
467 2962 597 3018 contra
610 2942 819 3018 libertatem
839 2963 877 3019 et
896 2944 1225 3040 independentiam
1240 2943 1407 3040 supremi
1422 2942 1502 3017 eius
1523 2942 1618 3015 Pon·

289 3140 312 3153 ,,
364 3060 578 3162 tificis(³).”

417 3178 469 3252 Et
488 3178 536 3252 nil
557 3178 713 3264 mirum;
737 3178 894 3278 angelus
912 3178 1134 3263 rebellionis,
1162 3179 1226 3277 qui
1246 3203 1311 3275 per
1329 3176 1473 3273 lapsum
1493 3194 1618 3275 proto·

363 3315 559 3394 parentum
578 3297 768 3370 civitatem
788 3295 991 3393 iniquitatis
1011 3295 1047 3368 in
1068 3297 1174 3369 terris
1200 3296 1375 3381 condidit,
1397 3313 1434 3369 et
1453 3294 1551 3369 illam
1570 3296 1617 3368 ad

364 3440 471 3488 suum
490 3414 694 3511 perducere
722 3413 911 3512 fastigium
931 3414 1031 3488 haud
1059 3413 1175 3487 semel
1196 3412 1264 3487 fuit
1282 3432 1447 3500 conatus,
1469 3414 1620 3488 tandem

363 3543 611 3630 praepara'tum
636 3532 848 3605 Romanum
878 3532 1072 3628 imperium
1095 3533 1330 3629 Romamque
1350 3550 1479 3604 nactus
1501 3546 1618 3604 estut

364 3675 411 3726 eo
430 3667 546 3724 totam
571 3649 647 3722 vim
666 3666 704 3724 et
740 3649 996 3723 fortitudinem
1028 3650 1244 3724 transferret
1275 3669 1388 3747 atque
1423 3648 1618 3745 imperium

365 3765 574 3842 universale
591 3766 775 3842 stabiliret
791 3792 912 3841 suum.

415 3886 488 3961 Ast
503 3886 607 3960 fortis
626 3903 789 3961 armatus
808 3886 979 3960 Christus
991 3887 1110 3984 Jesus‚
1128 3885 1244 3960 Filius
1259 3886 1332 3960 Dei
1347 3885 1434 3972 vivi,
1448 3885 1623 3959 sacerdos

363 4030 407 4077 ac
426 4029 491 4078 rex
505 4004 662 4103 justitiae
682 4001 719 4079 et
738 4003 851 4102 pacis,
872 4004 1061 4079 civitatem
1080 4029 1231 4102 quoque
1257 4004 1423 4079 condidit
1441 4028 1557 4086 suam,
1579 4003 1627 4075 ci·

329 4207 330 4210 Ἴ
364 4121 519 4198 vitatem
533 4124 699 4222 justitiae,
721 4149 877 4223 regnum
898 4124 1107 4200 universale
1129 4124 1308 4198 Ecclesiae
1323 4149 1410 4197 suae.
1435 4124 1510 4197 Hic
1536 4124 1620 4196 ideo

367 4240 578 4315 Romanum
598 4240 803 4338 temporale
823 4242 1018 4338 imperium
1044 4243 1081 4315 in
1114 4243 1308 4338 imperium
1328 4242 1466 4316 altioris
1484 4241 1619 4315 divini-

364 4383 437 4455 que
465 4360 606 4433 ordinis
636 4359 922 4447 transformavit,
956 4362 993 4434 in
1022 4361 1217 4458 imperium
1251 4361 1415 4458 spiritale
1437 4360 1615 4435 Ecclesiae

402 4541 424 4582 1.
438 4527 529 4598 Epist.
542 4528 579 4582 ad
594 4529 681 4583 Card.
691 4530 854 4598 Rampolla.

400 4621 424 4661 2.
437 4607 527 4662 Alloc.
540 4621 574 4674 ²7
588 4609 666 4678 Sept.
683 4609 762 4663 1888.

400 4700 425 4754 3.
439 4686 528 4741 Alloc.
543 4702 578 4754 24
587 4689 657 4742 Dec.
676 4689 750 4757 1889.
