3496 5482
328 472 519 485 neu-n——ffl
868 473 927 479 ..—

327 523 396 610 136
732 537 825 586 enea
853 538 913 586 s1r
940 536 1014 586 nsx
1044 536 1170 587 noum.
1257 561 1259 564 <

322 709 343 740 ‘⁸
361 699 474 776 variis
492 699 683 799 religionis
712 699 841 773 Iormis
869 697 1007 772 nullam
1035 723 1120 773 esse
1146 723 1329 789 caussam,
1349 724 1413 773 cur
1432 699 1504 774 alia
1522 700 1581 776 alii
1628 721 1632 730 ·

235 825 243 837 '
322 829 341 857 ⁸¹
361 834 636 915 anteponatur:
655 817 789 892 eodem
810 841 942 890 omnes
960 815 1044 890 loco
1062 814 1267 891 habendas.

374 948 393 977 ‘⁶
417 937 525 1012 Haec
544 954 668 1012 autem
691 936 933 1011 Massonibus
952 961 1073 1034 aeque
1091 935 1249 1033 placere,
1263 936 1361 1011 etad
1376 935 1583 1013 hancsimi·

323 1068 343 1095 “
363 1055 558 1129 litudinem
578 1073 690 1152 atque
709 1053 902 1153 exemplar
921 1053 1018 1129 velle
1045 1079 1110 1128 eos
1135 1054 1363 1130 constituere
1388 1079 1447 1131 res
1466 1055 1583 1154 publi·

322 1185 343 1214 “
362 1200 434 1261 cas,
464 1172 547 1270 plus
579 1189 637 1248 est
668 1173 871 1272 cognitum,
901 1198 1013 1270 quam
1045 1190 1086 1247 ut
1116 1173 1366 1249 demonstrari
1398 1193 1581 1271 oporteat.

322 1302 341 1331 ⁴‘
364 1291 509 1366 Iamdiu
527 1291 667 1390 quippe
695 1291 869 1366 omnibus
904 1291 1044 1365 viribus
1075 1307 1189 1390 atque
1220 1292 1354 1389 opibus
1386 1293 1423 1366 id
1455 1311 1584 1390 aperte

322 1421 343 1450 ¹⁴
364 1393 565 1484 moliuntur
583 1435 590 1482 :
607 1427 648 1483 et
665 1409 735 1483 hoc
766 1408 848 1506 ipso
867 1409 1073 1505 expediunt
1093 1409 1192 1482 viam
1220 1409 1480 1484 audacioribus
1508 1436 1583 1486 non

324 1540 344 1568 “
365 1527 491 1625 paucis
508 1527 556 1600 ad
576 1527 704 1624 peiora
722 1526 1064 1623 praecipitantibus,
1077 1527 1193 1625 utqui
1206 1527 1468 1625 aequationem
1483 1529 1584 1626 cogi·

325 1657 344 1684 ‘·
364 1662 454 1731 taut,
475 1644 854 1742 communionemque
872 1644 1038 1718 omnium
1056 1645 1250 1732 bonorum,
1267 1645 1393 1720 deleto
1410 1645 1584 1720 ordinum

325 1773 345 1802 “
364 1778 403 1836 et
421 1762 653 1836 fortunarum
673 1763 710 1836 in
729 1763 881 1836 civitate
898 1762 1124 1836 discrimine.

372 1893 433 1957 20.
454 1879 721 1954 Conrnunruu
736 1901 956 1954 merorum
968 1890 988 1918 “
1001 1881 1113 1954 Secta
1129 1880 1243 1980 igitur
1259 1880 1480 1954 Massonum
1495 1882 1585 1981 quid

324 2008 345 2038 ‘⁴
364 1998 422 2085 sit,
443 2014 481 2072 et
498 1999 601 2096 quod
620 1999 690 2073 iter
703 1997 863 2086 affectet,
884 2023 932 2073 ex
951 1997 1124 2096 hisquae
1142 1999 1355 2072 summatim
1378 1999 1583 2098 attigimus,

242 2150 246 2157 ·
286 2192 289 2196 ,
326 2128 345 2157 “
369 2118 459 2192 satis
477 2116 611 2193 elucet.
631 2117 648 2146 ”
1248 2212 1250 2217 Ι

286 2227 288 2230 ’
378 2238 466 2312 Non
487 2236 672 2312 immerito
690 2236 890 2312 definitur:
913 2247 933 2276 ‘⁶
955 2237 1044 2312 Une
1063 2237 1287 2312 association
1307 2236 1488 2338 politique
1507 2237 1529 2312 h
1550 2237 1585 2312 la

324 2355 396 2429 sois
409 2371 448 2429 et
466 2355 673 2455 religieuse,
686 2399 735 2411 -
750 2355 963 2454 professant
978 2355 1012 2430 la
1030 2355 1259 2430 democratie
1277 2354 1312 2428 la
1330 2355 1413 2453 plus
1431 2381 1523 2453 pure
1537 2382 1584 2431 en

323 2471 477 2548 matidre
508 2473 616 2547 civile
635 2490 671 2548 et
691 2472 881 2572 politique,
903 2491 940 2548 et
967 2472 1002 2547 le
1030 2471 1269 2547 naturalisme
1295 2473 1524 2550 rationaliste
1551 2475 1586 2551 le

322 2591 405 2690 plus
424 2592 603 2667 accentue
621 2618 667 2667 en
688 2591 855 2694 religion.
886 2592 970 2668 Elle
999 2592 1089 2668 tend
1117 2594 1164 2668 de
1192 2610 1316 2669 toutes
1345 2620 1406 2670 ses
1425 2596 1592 2672 sorcesh·

323 2712 487 2789 detruire
511 2713 643 2788 l'ordre
673 2714 785 2789 social
814 2713 1078 2790 actuellement
1096 2715 1270 2815 existant,
1292 2740 1385 2813 pour
1403 2714 1438 2789 le
1457 2740 1601 2818 recong
1624 2800 1627 2806 ,
1725 2800 1730 2808 ,

323 2832 457 2908 struire
474 2856 539 2906 sur
556 2832 591 2907 la
610 2834 701 2908 base
718 2834 840 2909 deses
854 2834 1041 2932 principes
1057 2830 1111 2934 (¹),
1127 2832 1353 2909 c'est-hdire
1367 2833 1452 2908 d'un
1472 2860 1584 2935 paga·

327 2950 446 3025 nisme
465 2950 544 3049 pire
562 2977 636 3048 que
654 2950 810 3026 l'ancien
831 2950 884 3052 (²)
906 2942 943 2980 ”¹

376 3078 395 3107 ‘⁴
418 3068 622 3166 Praecipua
640 3069 805 3167 ipsorum
824 3070 1003 3169 dogmata
1022 3089 1098 3144 tam
1118 3067 1227 3145 valde
1246 3095 1267 3144 a
1287 3070 1431 3145 ratione
1446 3095 1488 3144 ac
1509 3089 1585 3145 tam

326 3198 347 3227 “
367 3189 564 3265 manifesto
583 3190 807 3287 discrepant,
829 3209 869 3264 ut
888 3191 978 3264 nihil
998 3192 1117 3290 possit
1135 3216 1220 3266 esse
1238 3191 1462 3291 perversius

374 3304 431 3408 (1)
451 3319 471 3348 “
493 3306 730 3407 Religionem
749 3327 788 3383 et
809 3309 1029 3396 Ecclesiam,
1044 3335 1157 3407 quam
1180 3310 1287 3383 Deus
1307 3309 1387 3406 ipse
1406 3309 1583 3397 condidit,

326 3436 346 3466 ‘⁸
366 3426 541 3524 idemque
559 3427 607 3500 ad
637 3426 954 3503 immortalitatem
974 3445 1107 3514 tuetur,
1130 3426 1226 3503 velle
1245 3427 1426 3514 demoliri,
1448 3454 1587 3502 mores·

325 3553 435 3644 “que
454 3563 491 3620 et
511 3545 680 3619 instituta
692 3545 925 3620 ethnicorum
944 3545 1206 3645 duodeviginti
1225 3543 1456 3620 saeculorum
1477 3547 1586 3620 inter·

324 3674 344 3703 ⁴‘
364 3665 462 3739 vallo
481 3692 667 3754 revocare,
685 3667 842 3767 insignis
862 3666 1040 3743 stultitiae
1055 3686 1112 3742 est
1127 3666 1406 3765 impietatisque
1421 3666 1586 3741 audacis·

328 3794 347 3822 “
366 3784 493 3859 simae.

377 3900 431 4001 (2)
454 3914 473 3942 ‘⁴
497 3902 635 4000 Neque
653 3902 743 3977 illud
758 3903 817 3978 vel
837 3902 1014 3978 horribile
1034 3904 1156 3977 minus
1171 3902 1231 3977 vel
1245 3902 1365 3977 levius
1379 3903 1584 3990 ferendum,

326 4021 468 4116 “quod
496 4020 678 4096 beneficia
698 4023 939 4120 repudientur
954 4047 1021 4119 per
1051 4022 1173 4097 Isson
1193 4021 1404 4096 Curusrum
1424 4021 1603 4120 benigne,

1184 4168 1271 4172 —-.
1305 4168 1377 4172 .-.,.
1388 4167 1510 4172 -,-..-,..
1519 4166 1583 4173 ——a

362 4237 384 4277 1.
404 4224 530 4292 Onclair,
543 4225 871 4296 Lasrancmfonnersie
882 4228 1115 4296 contemporar'ne,
1130 4233 1158 4280 2e
1171 4225 1247 4292 edit,
1262 4241 1288 4294 p.
1303 4238 1363 4293 ²5¹·

360 4316 383 4355 2.
405 4304 449 4356 En
464 4303 608 4371 ipsissIma
628 4306 731 4360 Leonis
745 4306 822 4359 XIII
837 4307 924 4361 verba
941 4307 1044 4376 quibus
1066 4306 1190 4361 ostendit
1201 4316 1308 4359 sectam
1324 4304 1493 4358 Massonum
1516 4304 1588 4359 velle

324 4380 470 4436 bominem
483 4385 611 4438 satanice
624 4384 661 4439 ad
670 4395 776 4439 statum
785 4386 953 4454 paganismo
963 4386 1089 4456 pejorem
1099 4385 1233 4440 reducere
1247 4383 1422 4453 :“Praecipit
1437 4382 1586 4438 colendam
1646 4425 1649 4433 .

326 4460 434 4515 homiui
447 4478 510 4517 esse
524 4474 664 4532 naturam,
677 4478 763 4536 atque
776 4465 858 4519 huius
872 4466 955 4520 unius
974 4465 1121 4535 principIis
1134 4465 1269 4520 aesIImari
1283 4480 1316 4517 ac
1329 4462 1412 4531 dirIgi
1427 4463 1585 4532 veritatem,

326 4538 513 4609 honestatem,
537 4542 672 4598 iustitiam
698 4555 836 4615 oportere.
864 4548 928 4613 Quo
964 4557 1058 4616 pacto,
1078 4546 1118 4599 uti
1133 4545 1312 4614 perspicuum
1335 4555 1387 4609 est,
1408 4543 1586 4612 compellitur

327 4618 413 4672 homo
423 4621 460 4673 ad
471 4637 564 4678 mores
582 4623 640 4677 fere
653 4624 784 4694 vitaeque
804 4625 1037 4679 consuetudinem
1052 4624 1238 4690 ethnicorum,
1258 4638 1378 4692 eamque
1389 4621 1583 4690 multiplicatis

327 4697 467 4752 illecebris
481 4700 662 4758 vitIosiorem.
675 4705 688 4731 '¹
698 4703 826 4772 (Encycl.
847 4705 1010 4772 Praeclara,
1023 4717 1057 4758 22
1071 4705 1146 4773 Junii
1166 4704 1251 4770 1894.)
