3496 5482
137 445 360 457 .....—---—-

542 496 755 549 coucuusro
784 497 973 548 rnncrtcn.
1318 479 1390 569 383

136 689 262 757 tatam,
283 692 396 767 quam
418 667 524 739 Deus
543 661 645 738 solus
671 662 841 761 ingerere
860 663 982 758 potuit
999 690 1007 750 ;
1026 688 1068 737 ac
1088 680 1230 737 tantam
1250 662 1392 760 perspi-

136 788 252 862 cimus
271 789 450 861 nm'tatem
465 783 641 858 mentium
654 791 689 854 et
701 782 941 865 voluntatum,
963 800 1002 856 ut
1025 808 1046 855 a
1065 782 1193 880 primis
1210 780 1391 857 Ecclesiae

137 906 367 1003 temporibus
397 928 515 1001 usque
546 903 595 974 ad
628 901 723 974 hane
747 914 897 972 aetatem
923 922 1115 987 uuuQuAn
1136 923 1391 975 secuuumrus

136 1048 182 1099 nc
201 1046 339 1097 vnmus
358 1045 437 1095 1>1c1
454 1042 643 1095 rorantur
661 1040 768 1104 Quum
783 1040 846 1091 rus
862 1039 1000 1092 uranus
1014 1040 1184 1104 uosrms,
1201 1039 1391 1092 murrinu-

136 1167 242 1217 mms
260 1164 514 1216 cnnnsumun
534 1162 623 1213 esse
641 1159 714 1212 con
734 1160 846 1212 uuum
867 1162 913 1211 nr
927 1162 1082 1212 nuruum
1099 1163 1209 1214 uuum
1226 1138 1279 1238 (¹).
1297 1137 1314 1164 ”

191 1267 242 1341 Et
262 1291 302 1341 re
318 1265 468 1363 quidem
490 1289 589 1349 vera,
605 1289 652 1337 ex
671 1262 741 1336 hoc
762 1286 860 1337 novo
883 1262 1100 1340 Divinitatis
1119 1279 1342 1365 argumento
1356 1261 1393 1336 in

139 1384 305 1460 savorem
327 1382 506 1458 Ecclesiae
521 1381 666 1480 prolato
685 1380 818 1454 mirum
846 1381 883 1456 in
903 1382 1065 1471 modum,
1094 1399 1263 1459 crescent
1282 1377 1392 1453 firmi·

140 1520 196 1577 tas
211 1501 297 1577 fidei
312 1521 349 1578 et
364 1502 474 1577 ardor
487 1500 688 1575 charitatis.

192 1620 344 1696 Exinde
361 1620 461 1696 enim
481 1644 600 1694 novus
619 1618 741 1703 decor,
759 1616 1021 1717 inauditusque
1039 1640 1076 1696 et
1096 1621 1395 1723 incomparabilis

139 1734 317 1833 splendor
358 1734 601 1811 circumdabit
637 1760 712 1809 non
736 1735 827 1832 jam,
860 1752 900 1809 ut
939 1734 990 1809 ita
1019 1737 1150 1826 dicam,
1187 1742 1395 1819 Ecclesiam

140 1853 390 1939 christianam,
404 1853 471 1928 sed
492 1852 701 1928 Ecclesiam
718 1851 950 1926 Catholicam
969 1853 1396 1945 RomanamCathedrae

144 1973 242 2049 Petri
266 1973 610 2073 superaedificatam,
629 1973 823 2069 ipsamque
850 1974 990 2048 directe
1005 1992 1042 2049 et
1061 1977 1181 2076 magis
1201 1981 1397 2079 magisque

141 2091 342 2168 clarescere
362 2092 470 2167 faciet
488 2109 665 2191 tanquam
698 2089 905 2166 Ecclesiam
927 2091 1067 2167 Christi
1087 2120 1224 2170 veram.
1243 2098 1394 2173 Etenim

142 2236 190 2285 ex
208 2237 281 2285 una
293 2228 397 2309 parte
416 2209 606 2285 dissolutis
619 2210 699 2308 jam
727 2207 808 2284 aliis
826 2209 938 2283 sectis
954 2207 1148 2308 religiosis,
1165 2213 1246 2290 sive
1268 2217 1396 2292 Prote·

143 2328 336 2415 stantibus,
352 2327 433 2402 sive
453 2325 708 2413 schismaticis,
724 2325 805 2400 sive
824 2324 1034 2401 infidelibus
1054 2354 1121 2425 per
1137 2331 1291 2407 obortus
1311 2333 1397 2408 exin

144 2446 418 2544 scepticismum
433 2464 546 2545 atque
558 2444 905 2520 indifferentismum
924 2474 931 2533 ;
944 2472 991 2519 ex
1005 2444 1076 2520 alia
1091 2466 1196 2544 parte
1211 2452 1398 2550 regnanti·

144 2566 213 2638 bus
232 2565 370 2663 ubique
388 2564 652 2662 cupiditatibus
670 2563 859 2638 effrenatae
877 2563 1059 2639 libertatis
1077 2590 1144 2663 per
1161 2591 1313 2642 sensum
1332 2569 1398 2644 hu·

144 2683 333 2758 manitatis
355 2700 392 2758 et
411 2683 584 2757 humanae
614 2680 823 2756 honestatis
855 2681 1007 2756 minime
1034 2681 1206 2759 cohibitis
1223 2683 1265 2786 (²)
1284 2715 1291 2775 ;
1312 2713 1399 2761 mox

144 2818 231 2876 tunc
250 2802 474 2900 quicumque
492 2817 715 2898 supererunt
739 2799 807 2873 viri
826 2800 951 2874 animo
967 2799 1141 2899 religioso
1157 2802 1298 2891 imbuti,
1319 2805 1400 2902 qui·

144 2945 304 3017 cumque
335 2919 503 2994 veritatis
531 2934 711 3004 amantes,
732 2918 957 3015 quicumque
988 2919 1088 3015 pacis
1109 2940 1147 2994 et
1165 2921 1307 2996 ordinis
1325 2940 1401 2996 stu·

146 3036 240 3111 diosi
259 3036 370 3135 plane
388 3060 594 3135 agnoscere
612 3052 726 3132 atque
757 3033 925 3110 confiteri
944 3035 1121 3133 incipient
1139 3063 1222 3112 cum
1238 3035 1402 3136 philoso-

147 3153 223 3251 pho
245 3155 399 3252 antiquo
419 3153 594 3228 “docere
623 3153 799 3250 pietatem
832 3154 1020 3228 neminem
1051 3180 1162 3252 posse
1199 3156 1268 3230 nisi
1296 3156 1402 3232 Deus

147 3290 323 3371 tanquam
342 3272 419 3346 dux
437 3290 475 3347 et
494 3271 673 3370 magister
685 3270 873 3368 praeiverit
885 3269 927 3371 (³)
948 3271 978 3346 ”.
1003 3272 1240 3371 Proindeque
1257 3274 1403 3349 confes·

148 3392 213 3466 tim
231 3391 279 3465 ad
293 3391 568 3466 Auctoritatem
585 3390 753 3464 diuinam
763 3398 872 3487 atque
883 3390 1123 3488 infallibilem
1141 3392 1315 3467 Ecclesia
1329 3393 1404 3467 Ra·

147 3536 266 3584 mana
310 3509 564 3586 convolabunt
608 3507 854 3607 ejusdemque
892 3508 1161 3605 amplectentur
1196 3510 1403 3608 genuinam

187 3718 208 3758 1.
222 3705 295 3772 Act,
310 3705 360 3774 1v,
379 3719 466 3774 32.-
486 3701 613 3770 Eneycl,
630 3700 753 3769 Uliaros,
770 3714 799 3770 15
816 3699 886 3755 Maii
903 3700 979 3766 1871.

185 3798 209 3838 2.
222 3784 275 3840 Les
294 3785 406 3855 paroles
420 3782 564 3838 suivautes
577 3781 614 3836 de
631 3781 654 3834 F
655 3781 731 3836 icbte
744 3791 771 3835 et
785 3780 821 3835 de
836 3779 990 3835 Schudorff
1006 3789 1071 3836 sont
1084 3779 1186 3850 dignes
1199 3778 1285 3837 d’etre
1299 3780 1402 3838 citees:

148 3863 164 3891 ‘¹
179 3864 218 3920 Le
231 3875 290 3918 mot
303 3861 458 3929 humanitt,
469 3861 511 3915 dit
523 3860 623 3915 Fichte
634 3859 715 3928 (disc.
726 3860 742 3913 a
752 3860 781 3913 la
787 3859 886 3914 nation
895 3858 1162 3928 Allemande,1824)
1176 3870 1220 3917 est
1232 3860 1271 3915 du
1283 3861 1404 3916 nombre

148 3943 185 3998 de
198 3959 245 3999 ces
259 3955 333 3997 mors
345 3943 459 3997 tameux
471 3941 543 3995 dont
556 3956 593 3994 on
607 3950 674 4010 peut
687 3940 711 3994 si
724 3939 888 3995 tacitement
900 3939 1005 3995 abuser
1016 3955 1088 4010 pour
1105 3956 1239 4011 masquer
1251 3941 1278 3996 le
1291 3957 1404 4010 perver-

147 4021 295 4077 tissement
312 4022 349 4077 de
364 4023 497 4076 l'homme
510 4038 518 4085 ;
531 4035 583 4089 par
595 4036 632 4072 un
651 4035 702 4073 son
715 4018 841 4088 etrange,
855 4019 977 4074 sublime
989 4028 1017 4074 et
1030 4018 1165 4088 ectaiant,
1178 4035 1211 4075 ee
1224 4031 1284 4075 mot
1304 4019 1405 4075 eveille

148 4101 305 4157 l¹attention
319 4119 325 4166 ;
340 4100 411 4155 mais
424 4099 497 4154 dans
511 4099 537 4153 le
550 4097 628 4167 lond,
641 4098 661 4152 il
678 4100 836 4170 enveloppe
848 4096 921 4154 celui
940 4099 989 4169 qui
1007 4097 1126 4154 l’ecoute
1149 4098 1201 4154 des
1215 4098 1346 4155 tenebres
1367 4098 1404 4154 de

150 4179 322 4249 l’ignorance
333 4181 353 4235 ”.

186 4260 341 4315 Schudorff
348 4259 406 4330 qui,
419 4276 454 4314 en
468 4256 573 4328 qualit&
587 4255 623 4313 de
635 4259 856 4329 Frate-Magon,
866 4257 943 4313 avait
956 4257 1074 4312 d’abotd
1093 4257 1229 4312 consacre
1242 4273 1288 4313 ses
1299 4257 1404 4313 talents

150 4340 249 4394 ataine
263 4339 418 4410 triumphet
431 4340 457 4394 le
474 4337 580 4406 dogme
593 4336 630 4391 de
652 4337 823 4405 l'humanite,
837 4354 909 4392 nous
928 4337 1072 4408 depeiguit
1087 4337 1150 4408 plus
1169 4336 1234 4392 tard
1255 4336 1336 4406 (dise
1358 4353 1406 4392 sur
1492 4345 1494 4349 ’

150 4419 227 4473 l'etat
252 4431 306 4474 act.
317 4419 353 4474 de
365 4418 394 4473 la
408 4416 604 4488 Maqonnerie)
619 4416 783 4472 l’humanitd
796 4434 908 4472 comme
921 4418 1042 4488 quelque
1056 4417 1144 4472 chose
1156 4416 1193 4472 de
1206 4417 1229 4472 si
1241 4433 1340 4486 vague,
1349 4431 1406 4487 que

151 4508 229 4552 toute
241 4498 315 4567 loge,
322 4498 370 4569 qui
389 4514 420 4553 se
438 4498 467 4551 la
479 4511 602 4567 propqse
623 4512 736 4552 comme
749 4497 807 4565 but,
823 4514 855 4552 se
865 4497 972 4564 charge
985 4495 1051 4550 d’un
1064 4495 1209 4566 probleme
1222 4495 1362 4550 insoluble
1376 4506 1403 4552 et

153 4595 184 4633 se
198 4579 268 4648 perd
282 4578 354 4632 dans
373 4594 428 4632 une
441 4575 525 4630 vaine
535 4575 700 4645 entreprise.
719 4605 748 4616 -
762 4578 829 4646 Gyr.
839 4593 865 4646 p.
880 4590 939 4645 2⁰5·

189 4672 213 4725 3
230 4656 351 4724 Platqin
367 4655 548 4727 Epinomide.
