3496 5482
347 529 795 544 ...m

348 592 395 665 50
752 587 845 637 ΡΑΡΑ
872 587 932 638 SIT
960 587 1035 636 REX
1065 584 1191 637 ROMAE.

343 775 486 833 stanter
499 772 658 841 tuentes,
673 752 838 851 profiteri
857 771 896 833 et
909 754 1045 829 docere
1063 752 1209 853 gloriati
1229 753 1507 840 estis,eumdem
1526 753 1599 826 sin·

342 874 460 977 gulari
478 873 616 949 divinae
635 871 730 947 illius
749 872 875 947 omnia
894 872 1058 970 regentis
1085 896 1127 945 ac
1146 870 1374 946 moderantis
1397 869 1600 943 Providen-

343 995 404 1069 tiae
434 990 590 1067 consilio
621 991 749 1065 datum
778 989 892 1063 fuisse
923 989 1097 1063 Romano
1126 987 1307 1075 Pontifici,
1335 1005 1373 1062 ut
1404 987 1484 1085 ipse
1511 984 1600 1060 nulli

342 1108 440 1186 civili
470 1109 646 1207 potestati
684 1133 848 1205 unquam
893 1106 1094 1206 subjectus,
1132 1131 1347 1203 supremum
1389 1103 1599 1203 Apostolici

342 1228 535 1304 ministerii
549 1252 682 1301 munus
701 1227 771 1300 sibi
790 1225 933 1322 abipso
953 1223 1104 1299 Christo
1119 1224 1287 1299 Domino
1305 1222 1484 1298 divinitus
1499 1247 1599 1297 com·

341 1349 496 1422 missurn
528 1343 743 1443 plenissima
774 1343 956 1431 libertate,
987 1367 1030 1417 ac
1059 1342 1141 1417 sine
1160 1341 1235 1417 ullo
1260 1341 1531 1440 impedimento
1560 1340 1596 1413 in

340 1466 556 1539 universum
575 1462 705 1536 orbem
724 1479 909 1536 exerceat.

392 1590 559 1687 “Atque
581 1587 703 1662 Nobis
729 1587 910 1661 carissimi
934 1584 1126 1662 catholicae
1147 1584 1328 1661 Ecclesiae
1353 1585 1428 1672 filii,
1463 1585 1597 1659 vestris
1654 1626 1657 1631 ·

339 1707 471 1782 imbuti
490 1704 677 1792 doctrinis,
697 1722 899 1802 vestroque
917 1704 1055 1779 eximio
1080 1702 1254 1802 exemplo
1273 1704 1424 1778 excitati
1443 1702 1596 1778 eosdem

340 1852 473 1904 sensus
491 1825 614 1901 Nobis
633 1826 744 1900 tutari
763 1850 1002 1922 summopere
1020 1842 1208 1899 certarunt
1236 1849 1279 1897 ac
1297 1841 1452 1899 certant.

392 1957 612 2053 “Namque
634 1980 683 2029 ex
713 1954 886 2029 omnibus
910 1954 1024 2029 totius
1052 1951 1222 2029 catholici
1251 1953 1353 2027 orbis
1381 1952 1596 2052 regionibus

339 2071 627 2149 innumerabiles
662 2098 759 2170 pene
789 2072 1000 2169 accepimus
1032 2090 1110 2145 tum
1139 2069 1484 2158 ecclesiasticorum,
1517 2087 1595 2144 tum

337 2191 514 2268 laicorum
546 2190 738 2265 hominurn
769 2190 948 2288 cujusque
981 2188 1185 2288 dignitatis,
1218 2188 1369 2275 ordinis,
1400 2187 1539 2288 gradus
1558 2204 1596 2262 et

338 2310 563 2385 conditionis
586 2310 747 2384 Litteras
770 2310 882 2384 etiam
908 2335 929 2382 a
951 2309 1119 2383 centenis
1143 2306 1410 2383 catholicorum
1435 2306 1595 2381 millibus
1680 2391 1682 2394 Α

338 2427 716 2526 subscriptas,quibus
730 2427 835 2501 Beati
854 2425 952 2500 Petri
968 2426 1231 2523 patrimonium
1243 2427 1396 2501 omnino
1408 2425 1594 2524 integrum

342 2547 636 2645 inviolatumque
655 2545 881 2621 servandum
900 2571 984 2620 esse
1002 2546 1234 2621 contendunt
1252 2574 1259 2633 ;
1274 2573 1321 2621 ex
1339 2546 1476 2643 quibus
1496 2546 1594 2619 insu·

339 2694 406 2766 per
423 2694 498 2743 non
527 2668 634 2766 pauci
666 2667 703 2741 id
735 2667 867 2764 ipsum,
900 2667 1063 2766 vulgatis
1094 2668 1265 2765 apposite
1294 2667 1451 2765 scriptis,
1484 2666 1596 2742 docte

337 2788 601 2886 sapienterque
618 2812 823 2862 asseruere.
853 2785 1043 2861 Praeclarae
1062 2787 1354 2885 significationes
1373 2787 1475 2861 omni
1494 2806 1595 2863 certe

336 2907 446 2982 laude
464 2933 507 2981 ac
526 2907 790 3004 praedicatione
808 2906 1030 2981 decorandae
1048 2925 1087 2982 et
1105 2908 1226 2982 aureis
1259 2908 1366 2982 nobis
1385 2907 1421 2981 in
1440 2906 1594 2982 catholi-

337 3052 391 3101 cae
412 3024 593 3101 Ecclesiae
613 3024 718 3100 lastis
738 3025 995 3101 inscribendae.
1015 3026 1034 3054 ”

386 3151 449 3251 E)
480 3152 523 3225 In
554 3150 703 3249 Syllaba
740 3168 824 3249 post
865 3152 1163 3249 Propositionem
1199 3153 1367 3227 LXXVI
1402 3152 1593 3254 legimus:

340 3281 360 3309 ‘⁶
378 3272 517 3345 Praeter
535 3270 604 3344 hos
622 3292 765 3344 errores
780 3268 845 3367 (de
863 3269 961 3344 civili
978 3270 1140 3345 Romani
1156 3270 1346 3346 Pontificis
1364 3271 1593 3373 Principatu)

337 3387 512 3485 explicite
538 3404 696 3474 notatos,
716 3385 775 3461 alii
807 3387 1018 3486 complures
1038 3389 1213 3486 implicite
1232 3389 1488 3488 reprobantur,
1510 3417 1594 3489 pro·

338 3506 460 3604 posita
481 3522 518 3580 et
550 3523 692 3580 asserta
721 3505 899 3592 doctrina,
919 3532 1032 3602 quam
1055 3507 1227 3581 catholici
1240 3534 1361 3582 omncs
1369 3508 1595 3606 firmissime

338 3625 496 3698 retinere
513 3623 647 3710 debent,
669 3623 715 3697 de
733 3621 830 3697 civili
853 3624 1013 3698 Romani
1033 3624 1221 3700 Pontificis
1242 3626 1465 3724 Principatu.
1483 3627 1593 3727 Ejus·

338 3744 438 3819 modi
457 3742 626 3819 doctrina
638 3740 844 3817 luculenter
858 3743 1017 3818 traditur
1033 3773 1040 3818 :

339 3862 374 3935 in
389 3860 611 3936 allocutione
631 3861 1001 3959 Quz'busquantisquc
1022 3887 1069 3936 20
1087 3862 1204 3960 April.
1231 3866 1343 3956 18493
1380 3932 1383 3937 .

339 3980 375 4053 in
390 3978 613 4053 allocutione
631 3978 680 4051 Si
694 3988 836 4075 semper
845 3987 954 4052 antea
970 4002 1017 4053 20
1033 3979 1125 4073 Maii
1150 3983 1244 4074 1850
1261 4009 1268 4066 ;

338 4096 375 4170 in
390 4095 456 4170 litt.
477 4114 594 4193 apost.
614 4095 709 4168 Cum
719 4095 894 4170 catholica
911 4095 1079 4169 Ecclesia
1099 4103 1145 4171 26
1168 4098 1296 4171 Martii
1321 4101 1440 4187 1860;

339 4216 376 4288 in
394 4215 618 4289 allocutione
635 4215 763 4289 Nouos
779 4219 823 4289 28
845 4215 950 4312 Sept.
972 4218 1066 4292 1860
1083 4243 1091 4303 ;

339 4335 376 4407 in
394 4332 618 4407 allocutione
626 4333 864 4433 jamdudum
889 4337 930 4407 18
954 4335 1081 4409 Martii
1106 4338 1195 4408 1861
1217 4364 1224 4423 ;

338 4453 374 4525 in
388 4451 612 4526 allocutione
630 4450 805 4527 Maxima
825 4453 971 4552 quidem
990 4478 1012 4546 9
1031 4454 1132 4549 Junii
1157 4459 1262 4530 1862.

390 4579 446 4679 F)
462 4579 514 4653 Et
531 4595 666 4676 praeter
683 4578 909 4675 publicatum
929 4579 1111 4655 famosum
1136 4580 1320 4680 syllabum
1348 4601 1497 4658 exstant
1518 4582 1598 4657 Lit-

340 4713 431 4770 terae
448 4696 728 4794 protestationis
757 4725 868 4773 causa
895 4697 1016 4783 editae,
1043 4700 1124 4796 ipsa
1146 4700 1207 4773 die
1228 4700 1432 4776 invasionis
1459 4699 1593 4786 Urbis,
