3496 5482
599 518 723 570 curor
750 518 930 570 oscorum
957 519 1149 582 Qumruu.
1432 509 1502 597 365

282 626 343 632 --
367 625 442 630 —..-..
456 624 461 629 .
507 622 778 629 ——..-.....—.-—-
794 624 852 629 —
862 623 973 630 -—.——
1001 623 1057 629 ——·..
1067 624 1141 629 ⁰—-
1154 625 1342 633 ——h—
1352 628 1444 634 -.—..
1458 630 1504 636 -

296 679 363 765 lta,
380 675 681 762 Confluentiae,in
694 694 882 750 conventu
897 702 996 750 anno
1014 680 1108 769 1890
1126 676 1266 766 habito,
1288 678 1336 754 ill.
1356 683 1401 754 D.
1421 681 1504 757 Lie-

242 795 318 881 ber,
334 794 397 892 qui
416 812 501 892 post
519 793 661 867 obitum
680 791 723 868 cl.
737 793 788 866 W
792 792 988 880 indthorst,
1001 794 1054 866 uti
1073 794 1187 881 aiunt,
1209 794 1358 870 factioni
1373 797 1504 872 Centri

242 915 279 988 in
299 913 502 989 Germania
521 930 667 1010 praeest,
688 912 785 987 hunc
805 913 842 985 in
862 911 1014 986 modum
1042 939 1147 986 suam
1172 940 1400 1013 suorumque
1420 942 1505 991 sen·

241 1040 395 1115 tentiam
417 1038 612 1112 manifeste
631 1037 801 1134 aperuit:
823 1048 843 1075 ‘⁸
861 1037 953 1123 Nos,
981 1036 1042 1123 ait,
1059 1037 1293 1111 vindicamus
1316 1039 1504 1137 Principa-

242 1177 320 1233 tum
343 1155 532 1231 Pontificis
551 1154 712 1228 Romani
725 1174 878 1253 propter
891 1155 1030 1228 bonum
1050 1155 1219 1230 omnium
1238 1156 1504 1255 guberniorum

242 1294 280 1350 et
300 1275 414 1350 totius
431 1273 582 1373 generis
602 1273 754 1348 humani
772 1274 779 1348 1
795 1273 811 1301 ”

293 1401 407 1497 Quod
439 1399 720 1499 magnanimum
753 1418 790 1474 et
818 1399 1061 1474 christianum
1095 1400 1311 1497 exemplum
1341 1399 1506 1478 imitatus

223 1600 224 1603 ,
242 1519 376 1594 eodem
391 1543 490 1592 anno
512 1516 655 1604 Leodii,
669 1543 796 1592 comes
811 1517 1080 1591 Ashburnham
1094 1517 1166 1592 hoc
1182 1537 1311 1594 votum
1329 1518 1504 1616 plauden-

243 1641 342 1716 tibus
361 1639 535 1715 omnibus
560 1638 729 1713 emisisse
759 1639 898 1714 fertur:
929 1638 1080 1734 “Quod
1105 1639 1136 1711 si
1168 1665 1324 1739 regnum
1350 1641 1506 1739 justitiae

243 1759 497 1856 exoptandum
519 1775 577 1832 est
596 1782 663 1854 pro
684 1774 811 1831 nostra
829 1756 1010 1830 societate
1029 1756 1189 1854 publica,
1212 1783 1366 1832 necesse
1385 1777 1443 1834 est
1465 1779 1506 1835 ut

244 1878 362 1975 prima
379 1876 564 1975 reparatio
579 1875 642 1951 liat
658 1875 693 1949 in
713 1901 859 1950 summa
877 1875 1084 1951 hierarchia
1099 1875 1274 1976 religiosa
1287 1903 1330 1951 ac
1345 1877 1504 1975 politica,

242 1996 301 2071 cui
320 1995 420 2071 illata
439 1995 571 2094 injuria
589 2012 647 2069 est
660 2020 726 2091 per
739 1994 1000 2092 spoliationem
1017 1994 1251 2093 Principatus
1265 1997 1362 2071 inter
1375 2023 1506 2072 omnes

247 2113 478 2211 Principatus
493 2131 530 2188 et
549 2111 1054 2210 antiquissimi,sacratissimi
1070 2132 1182 2210 atque
1198 2113 1360 2188 maxime
1380 2140 1506 2189 neces-

243 2231 340 2307 sarii.
356 2231 374 2259 ”
391 2232 435 2305 ln
450 2230 676 2306 vindicando
688 2230 740 2305 sic
755 2230 888 2305 iterum
908 2251 1021 2329 atque
1041 2230 1175 2305 iterum
1199 2233 1506 2308 instaurationem

245 2348 385 2424 ordinis
404 2368 482 2424 tum
496 2348 592 2447 juris
606 2347 902 2423 internationalis
916 2349 1135 2446 quumjuris
1150 2349 1285 2447 privati
1299 2351 1505 2448 possessio·

246 2469 304 2543 nis
322 2468 499 2568 legitimae
518 2469 651 2544 eodem
680 2468 842 2543 facinore
870 2467 1008 2554 violati,
1029 2493 1254 2568 congressus
1285 2469 1508 2545 Leodiensis

246 2590 410 2663 maximo
428 2588 602 2686 exemplo
622 2588 688 2663 luit
707 2588 971 2687 congressibus
989 2589 1124 2663 ceteris
1146 2589 1395 2688 maximaeque
1413 2590 1508 2666 utili-

249 2707 315 2782 tati
335 2707 505 2782 societati
524 2707 721 2782 universae.

300 2836 412 2910 Hanc
444 2861 576 2910 vocem
612 2835 813 2910 reboarunt
845 2836 977 2910 iisdem
1007 2835 1085 2911 sere
1119 2836 1246 2911 verbis
1282 2862 1509 2938 congressus

247 2953 362 3028 habiti
392 2979 491 3028 anno
529 2957 617 3046 1891
643 2953 851 3028 incivitate
873 2954 1077 3028 Dantisciae
1098 2980 1165 3029 nec
1197 2980 1272 3029 non
1295 2956 1509 3030 Mechliniae

246 3072 351 3170 cujus
371 3072 407 3145 in
426 3071 594 3146 sessione
618 3095 641 3164 9
660 3071 895 3169 Septembris
914 3098 937 3144 a
955 3089 1051 3147 coetu
1076 3074 1253 3147 universo
1280 3072 1507 3147 declaratum

247 3212 327 3268 est:
360 3192 567 3268 Adhaerere
585 3218 627 3267 se
645 3218 728 3265 cum
747 3192 886 3291 gaudio
906 3194 1152 3291 propositioni
1182 3193 1218 3266 in
1244 3193 1509 3291 congressibus

247 3311 464 3389 Confluensi
483 3337 526 3386 ac
547 3312 788 3386 Dantiscensi
807 3311 968 3386 iteratim
984 3313 1146 3398 emissae;
1161 3315 1220 3385 cui
1236 3336 1325 3387 vero
1345 3312 1507 3386 vindica·

247 3430 339 3504 tioni
371 3428 552 3503 libertatis
587 3428 768 3503 Ecclesiae
796 3447 936 3503 tantam
966 3427 1244 3504 solemnitatem
1270 3429 1507 3504 tribuendam

247 3572 330 3622 esse
348 3566 537 3644 putarunt,
553 3565 592 3621 ut
610 3546 854 3624 convocando
873 3565 1061 3620 conventu
1077 3571 1124 3620 ex
1146 3546 1332 3621 universis
1352 3546 1508 3621 nationi·
1555 3572 1558 3579 ’

247 3665 318 3739 bus
330 3666 411 3762 paci
424 3684 461 3740 ct
473 3666 594 3739 ordini
606 3665 854 3752 studentibus,
867 3666 1129 3740 restaurationi
1144 3666 1377 3762 Principatus
1390 3664 1508 3739 civilis
1531 3676 1534 3681 ’

248 3783 287 3859 S.
304 3783 414 3858 Sedis
428 3802 466 3858 et
486 3784 643 3881 proinde
661 3783 850 3858 securitati
869 3785 1181 3858 conscientiarum
1200 3803 1238 3858 et
1253 3784 1366 3858 etiam
1382 3783 1508 3857 mundi

247 3901 328 3997 paci
347 3899 518 3975 absolute
537 3900 812 3997 providendum
832 3901 1143 3976 existimaverint.
1165 3901 1182 3928 '⁹

303 4035 407 4109 Idem
428 4055 557 4110 votum
578 4035 702 4109 emisit
724 4053 762 4110 et
789 4035 860 4109 hoc
891 4061 991 4110 anno
1015 4039 1109 4129 1896
1138 4034 1357 4133 splendidus
1389 4054 1509 4111 coetus

248 4152 464 4226 catholicus
482 4153 741 4239 Germanicus,
763 4153 980 4228 Tremoniae
1012 4154 1172 4228 habitus.

299 4304 332 4363 8.
353 4289 462 4363 Circa
494 4314 645 4364 sensum
677 4291 803 4387 itaque
831 4290 1050 4363 eorumdem
1086 4313 1358 4387 congressuum
1394 4305 1509 4386 atque

248 4409 402 4484 effectus
418 4410 653 4484 immediatos
668 4410 836 4508 prolecto
849 4410 956 4483 nobis
969 4410 1092 4483 sucum
1107 4434 1181 4483 non
1195 4409 1383 4496 facientes,
1393 4407 1508 4483 liben-

248 4543 305 4600 ter
322 4528 473 4625 quidcm
495 4528 654 4601 latemur
672 4554 738 4601 eos
758 4546 864 4601 natos
881 4553 953 4601 non
974 4553 1059 4602 esse
1075 4545 1114 4602 ut
1128 4527 1176 4601 ad
1189 4526 1302 4602 finem
1316 4526 1508 4625 imponen·

248 4645 337 4719 dum
356 4647 561 4721 conditioni
579 4645 768 4720 Pontificis
787 4664 850 4721 aut
869 4646 1176 4745 congregandum
1197 4663 1352 4744 repente
1370 4663 1507 4720 coetum
