3496 5482
243 494 317 562 404
723 493 1025 547 amiranvaasro.

251 600 284 608 —
314 602 537 609 --—-.---—
549 601 627 609 -—-.·
642 601 687 608 --
705 601 753 607 ·-—
769 602 788 606 --
858 603 862 606 -
882 602 918 608 —-
930 603 942 608 -
970 600 1510 611 —--.--—--—--—-—-——-.——

285 656 374 722 Aliae
390 656 601 724 definitiones
628 666 706 721 aunt
723 657 832 722 minus
856 659 1023 724 solemnes
1039 662 1117 745 quia
1140 663 1290 745 gaudent
1314 658 1423 725 lorma
1441 659 1509 722 mi·

242 781 304 827 nus
320 761 470 826 solemni.
486 765 502 795 ¹¹
519 760 662 839 Dantur,
678 760 786 844 inquit
802 760 958 827 laudatus
984 774 1109 842 auctor,
1125 784 1285 848 responsa
1300 760 1508 828 doctrinalia

241 886 280 931 ac
295 867 498 932 documenta
523 887 543 931 a
570 867 642 932 RR
660 867 723 933 ΡΡ.
749 866 792 932 ad
821 868 1008 954 Episcopus
1030 879 1089 936 aut
1106 871 1265 936 Ecclesios
1279 867 1509 953 porticellam

242 971 364 1037 missa:
379 969 488 1055 qualis
504 991 530 1036 e.
547 991 577 1055 g.
594 981 644 1036 est
671 970 810 1037 celebris
825 973 968 1056 epistola
994 974 1044 1039 Pii
1067 975 1118 1040 VI
1136 977 1179 1040 ad
1197 975 1306 1059 Episc.
1328 971 1505 1037 Motulen-

241 1098 312 1143 sem
328 1080 410 1143 data
429 1078 468 1142 16
494 1076 587 1160 Sept.
617 1079 706 1159 1788.
725 1077 764 1142 In
781 1076 974 1160 hujusmodi
990 1080 1201 1146 documentis
1218 1079 1328 1144 minus
1348 1076 1505 1141 solemni-

241 1182 340 1248 bus...
358 1182 594 1267 irrelragabilis
610 1191 662 1248 est
677 1184 867 1249 auctoritas.
881 1222 922 1234 -
934 1184 969 1249 A
984 1184 1120 1265 fortiori,
1132 1185 1213 1251 illud
1230 1185 1293 1250 erit
1308 1182 1507 1262 dicendum,

241 1289 269 1352 si
284 1289 489 1354 documenta
506 1287 832 1372 hujusmodisormo
859 1291 970 1356 rnr’nur
983 1292 1127 1370 solemni,
1151 1313 1171 1356 a
1187 1312 1320 1357 summo
1336 1288 1505 1355 Pontifice

243 1391 286 1458 ad
303 1392 479 1457 Ecclesiam
495 1392 712 1458 universalem
725 1396 853 1459 dentur.
867 1395 1023 1460 Essentia
1033 1397 1078 1460 rei
1092 1397 1124 1460 in
1139 1417 1179 1461 eo
1195 1394 1387 1462 consistit...
1405 1393 1503 1477 quod

243 1497 401 1561 Pontifex
418 1518 478 1580 pro
495 1516 631 1561 munere
653 1517 714 1563 suo
730 1507 767 1562 ut
784 1497 970 1582 Supremos
987 1501 1116 1566 Doctor
1133 1500 1318 1565 Ecclesiam
1336 1498 1466 1563 doceat.
1486 1497 1504 1522 ’¹

243 1600 343 1666 Hanc
358 1600 610 1666 distinctionem
629 1600 768 1667 adhibui
785 1603 817 1666 in
835 1603 922 1669 libro
937 1609 955 1638 “
972 1605 1106 1688 Scopuli
1120 1604 1256 1669 ollandi
1269 1605 1285 1631 ''
1302 1603 1319 1668 l.
1336 1623 1364 1669 c.

286 1719 321 1786 3⁰
346 1705 491 1770 Ratione
508 1705 660 1783 rnoterioe,
675 1726 732 1770 seu
751 1707 899 1771 veritatis
914 1706 1070 1787 definitae,
1086 1709 1214 1793 duplex
1239 1708 1351 1773 denuo
1375 1706 1503 1770 accidit

240 1812 419 1877 distinctio.
437 1810 572 1874 Etenim
589 1810 771 1895 aliquando
787 1814 943 1878 veritates
964 1812 1030 1877 illae
1047 1825 1124 1880 sunt
1141 1813 1325 1878 formaliter
1340 1809 1503 1875 revelatae

240 1925 273 1980 et
290 1915 367 1979 ideo
383 1915 578 1979 immediate
594 1915 928 2000 divinae;aliquando
944 1916 1106 2000 implicite
1122 1926 1264 1983 tantum.
1282 1916 1367 1981 Haec
1382 1924 1501 1979 tamen

240 2021 412 2086 distinctio
428 2021 566 2085 minime
581 2019 685 2086 officit
700 2023 880 2105 quominus
895 2024 1053 2088 veritates
1075 2025 1246 2107 utriusque
1262 2021 1355 2087 seriei
1371 2020 1415 2085 de
1431 2018 1502 2084 fide

240 2125 406 2192 catholica
423 2126 489 2190 sint
505 2128 691 2192 credendae.

283 2231 380 2295 Nota.
399 2228 520 2295 Differt
537 2230 631 2312 proin
649 2228 732 2295 fides
747 2230 896 2296 dioirroa
913 2229 977 2296 fide
993 2232 1166 2297 catholica.

283 2333 340 2398 Ad
358 2330 458 2398 fidem
475 2333 622 2398 divinam
639 2332 759 2400 sufficit
775 2345 811 2399 ut
827 2334 996 2417 objectum
1021 2336 1064 2399 sit
1088 2335 1253 2398 dioirrilus
1268 2334 1445 2398 revelatum
1463 2341 1500 2396 et

240 2447 276 2502 ut
292 2437 412 2502 dehac
429 2437 630 2501 revelatione
645 2446 737 2502 certo
753 2437 850 2502 nobis
865 2448 1005 2504 constet.

283 2541 339 2606 Ad
357 2539 457 2604 fidem
478 2550 589 2605 autem
605 2540 804 2618 catholicam,
819 2543 861 2606 ad
878 2562 979 2625 quam
996 2541 1063 2607 scii.
1084 2541 1197 2607 omnia
1215 2539 1373 2605 Ecclesiae
1391 2559 1500 2604 mem·

240 2646 299 2712 bra
314 2645 515 2729 obligantur,
538 2645 712 2730 requiritur
723 2656 879 2728 proterea
893 2648 1067 2730 propositio
1086 2647 1242 2724 Ecclesioe,
1259 2666 1334 2731 quae
1357 2645 1500 2710 omnino

240 2761 290 2816 est
307 2749 500 2828 necessaria,
517 2757 553 2816 ut
569 2748 682 2814 unitos
697 2748 773 2814 fidei
790 2751 822 2814 in
841 2751 991 2817 Ecclesia
1007 2753 1126 2835 vigeat.

285 2855 368 2919 Ideo
393 2851 475 2918 fides
498 2853 664 2919 catholica
690 2866 814 2938 semper
835 2863 886 2919 est
903 2853 985 2920 fides
1001 2857 1125 2934 divina,
1145 2856 1223 2938 quia
1246 2853 1397 2918 Ecclesia
1413 2850 1497 2916 nihil

240 2959 441 3024 credendum
460 2978 645 3041 proponere
662 2969 781 3041 potest,
798 2959 859 3022 nisi
876 2960 966 3042 quod
983 2961 1142 3024 divinitus
1158 2960 1200 3024 sit
1216 2957 1398 3022 revelatum
1412 2977 1420 3035 ;
1436 2955 1498 3020 sed

241 3083 307 3128 non
335 3063 444 3127 omnis
471 3061 553 3127 fides
579 3062 693 3127 divina
712 3072 762 3127 est
787 3062 959 3138 catholica,
986 3063 1012 3128 si
1042 3063 1168 3128 scilicet
1195 3062 1283 3127 desit
1310 3059 1499 3146 propositio

241 3167 426 3248 Ecclesiae(
443 3167 464 3249 ).

287 3268 331 3352 C)
352 3271 403 3333 De
420 3270 493 3355 fide
516 3270 687 3353 theologico
711 3270 884 3353 speciatim
916 3281 993 3335 sunt
1020 3290 1060 3336 ea
1075 3291 1150 3355 quae
1178 3272 1210 3336 in
1236 3269 1408 3352 Scriptura
1436 3278 1497 3333 aut

241 3375 437 3439 Traditione
452 3373 614 3438 contineri
639 3383 731 3437 certo
757 3374 1039 3452 demonstrantur,
1055 3374 1185 3439 seclusa
1201 3383 1315 3439 tamen
1334 3370 1496 3435 Ecclesiae

241 3477 444 3543 definitione.
461 3477 518 3542 Ex
544 3477 605 3543 hac
622 3478 736 3560 regula
760 3488 887 3543 remota
912 3476 989 3542 fidei
1007 3478 1144 3543 relative
1171 3476 1411 3561 independenti
1428 3494 1497 3539 cre-

241 3584 319 3648 dere
335 3591 467 3646 tenetur
483 3582 546 3660 ille,
563 3583 619 3666 qui
637 3582 772 3646 indubie
789 3581 882 3646 novit
898 3582 960 3647 hoc
978 3582 1026 3646 vel
1045 3582 1125 3647 illud
1145 3583 1177 3646 in
1199 3581 1401 3646 revelatione
1417 3599 1497 3643 con·

241 3690 348 3767 tineri,
373 3709 440 3753 non
467 3700 580 3754 tamen
597 3689 659 3752 sub
675 3709 776 3771 poena
790 3688 926 3752 haeresis
945 3699 979 3753 et
1004 3687 1362 3753 excommunicationis
1381 3702 1496 3750 coram

243 3792 403 3872 Ecclesia,
414 3795 473 3857 sed
486 3792 594 3858 solum
611 3792 674 3856 sub
689 3812 790 3874 poena
806 3790 1013 3857 infidelitatis
1032 3812 1145 3858 coram
1162 3790 1267 3874 Deo(
1284 3791 1305 3875 ).

245 3907 454 3916 ——-—--——-
460 3910 464 3913 .
472 3908 511 3914 .—
837 3907 979 3913 --..-—.
992 3908 1240 3915 —..-.-..—---

242 3962 310 4017 illud
324 3979 408 4018 omne
421 3972 448 4017 et
459 3963 551 4018 solum
564 3962 599 4017 sit
611 3961 648 4018 de
661 3960 717 4016 fide
727 3961 805 4033 quod
814 3962 945 4017 Ecclesia
954 3963 1006 4018 sub
1019 3961 1210 4018 anathematis
1220 3977 1305 4031 poena
1317 3957 1493 4014 credendum

242 4037 334 4091 docet.
347 4037 362 4064 ''
374 4065 409 4075 -
423 4036 595 4107 Huiusmodi
617 4035 797 4091 definitiones
814 4038 956 4092 solemnes
976 4037 1062 4093 etiam
1082 4039 1245 4092 solemniter
1265 4035 1446 4106 proferuntur
1459 4034 1497 4088 ob

242 4112 336 4164 varias
348 4110 491 4166 rationes:
509 4117 533 4164 1⁰
545 4121 575 4165 ut
589 4111 712 4165 haereses
725 4111 849 4165 virandae
861 4123 1100 4180 cognoscerentur
1112 4123 1140 4167 et
1153 4113 1291 4167 sciremus
1304 4124 1445 4181 quasnam
1459 4109 1497 4162 ob

243 4202 287 4239 res
301 4184 419 4256 quisque
432 4187 469 4241 ab
483 4185 615 4241 Ecclesia
628 4184 710 4239 luerit
722 4185 854 4254 explicite
866 4186 986 4256 rejectus
999 4205 1006 4252 ς
1028 4216 1060 4225 -
1073 4192 1102 4239 2⁰
1114 4196 1142 4240 ut
1156 4186 1301 4255 rpsosuclo
1313 4182 1427 4254 publice
1442 4183 1458 4235 i.
1472 4199 1497 4236 e.

243 4260 387 4327 canonice,
400 4279 452 4331 pro
464 4260 616 4329 disciplina
628 4271 742 4314 externa
755 4272 898 4316 constaret
910 4271 938 4316 et
951 4261 1164 4315 denuntiaretur
1176 4259 1291 4331 quinam
1304 4258 1360 4313 sint
1370 4256 1498 4311 haeretici

243 4350 313 4403 quos
328 4335 458 4391 Ecclesia
467 4337 527 4406 jam
541 4333 624 4388 hicet
638 4351 712 4388 nunc
725 4350 742 4389 e
755 4335 818 4389 sinu
843 4353 894 4391 suo
907 4333 1029 4390 excludit
1051 4334 1119 4404 quin
1132 4336 1289 4405 requiratur
1302 4331 1420 4387 ulterius
1433 4346 1499 4385 exa·

243 4424 308 4462 men
322 4428 329 4475 ;
342 4438 377 4447 -
391 4416 418 4478 3⁰
431 4421 460 4466 ut
473 4419 568 4482 pateat
582 4409 725 4479 quomodo
739 4426 839 4465 sensus
858 4410 960 4464 dubius
972 4418 1001 4463 et
1013 4409 1164 4478 ambiguus
1182 4410 1210 4463 in
1233 4409 1328 4480 aliquo
1343 4405 1437 4476 capite
1461 4404 1498 4459 sit

243 4481 435 4551 explicandus.
445 4515 479 4525 -
488 4486 551 4539 Van
566 4485 655 4552 Rooy‚
671 4483 763 4536 Codex
772 4486 948 4555 dogmaticus
959 4512 995 4522 —
1007 4484 1146 4539 Lucensis.

279 4569 304 4609 2.
320 4556 432 4626 Hiirter,
449 4560 540 4613 Tlreol.
555 4557 668 4626 Dogm.‚
678 4565 696 4611 t.
712 4558 734 4623 1,
747 4575 810 4628 pag.
822 4574 873 4629 455
884 4568 959 4614 nota

280 4644 304 4696 3.
324 4631 485 4704 Schouppe,
498 4635 531 4687 ele
543 4634 609 4701 Reg.
621 4631 712 4699 lirici,
723 4649 748 4701 p.
763 4648 823 4700 207,
837 4634 938 4688 introd.
952 4662 986 4671 -
1002 4632 1159 4701 Sclreeben,
1175 4635 1196 4703 1,
1210 4653 1235 4705 p.
1250 4636 1310 4704 285,
1324 4651 1351 4688 n.
1365 4644 1427 4698 4¹4·
