3496 5482
251 544 298 616 54
397 616 403 625 ,
658 544 751 595 anna
777 544 837 595 sir
864 543 939 593 anx
969 543 1094 596 nona.

1274 650 1501 661 ——ffl

296 706 361 805 D)
379 706 619 782 Allocutione
640 728 686 798 24
708 703 837 778 Martii
859 706 953 796 1884
971 704 1048 778 ait:
1076 714 1096 743 ‘⁴
1118 703 1224 780 Sicut
1245 706 1333 781 Pius
1357 707 1414 782 IX
1434 709 1455 786 s.
1474 736 1500 785 r.

250 829 438 902 Decessor
468 826 621 911 Noster,
642 824 693 898 ita
719 841 756 898 et
777 822 861 897 Nos
888 821 1132 920 Apostolicae
1160 824 1271 899 Sedis
1299 825 1377 900 iura
1406 829 1500 903 tueri

245 946 422 1043 omnique
440 944 684 1019 contentione
707 941 897 1017 vindicare
908 941 1130 1016 studuimus.
1151 942 1290 1018 Denuo
1315 944 1501 1042 improba·

246 1090 327 1137 mus
346 1064 643 1161 damnamusque
670 1061 933 1158 quodcumque
944 1078 1002 1135 est
1028 1086 1113 1134 curn
1133 1061 1376 1158 Apostolicae
1390 1063 1502 1139 Sedis

244 1182 376 1256 iniuria
402 1199 537 1266 actum,
568 1181 734 1278 itemque
762 1196 955 1263 testamur,
986 1177 1116 1252 omnia
1146 1179 1231 1253 Nos
1258 1179 1338 1253 iura
1355 1179 1435 1253 eius
1453 1204 1501 1255 ex

245 1302 392 1400 integro
409 1322 448 1376 et
468 1302 504 1374 in
524 1319 749 1397 perpetuum
769 1297 873 1372 salva
888 1297 999 1374 velle.
1014 1298 1032 1326 ’⁸

295 1427 355 1525 E)
379 1428 453 1502 Die
477 1450 518 1522 15
539 1427 638 1524 Junii
660 1431 752 1521 1887
772 1425 920 1521 scripsit
942 1406 1131 1501 Sanctitas
1154 1425 1233 1501 Sua
1256 1427 1303 1501 ad
1323 1427 1501 1511 Cardine·

246 1545 317 1620 lem
325 1544 522 1644 Rampolla
535 1544 720 1620 celebrem
737 1546 831 1619 hanc
849 1542 1057 1641 Epistolam
1070 1569 1155 1642 quae
1168 1564 1226 1620 est
1239 1546 1345 1644 quasi
1357 1572 1503 1621 summa

245 1665 578 1741 revindicationum
592 1665 725 1738 iurium
739 1664 889 1738 Sanctae
901 1661 1026 1746 Sedis;
1041 1663 1091 1736 ita
1105 1688 1149 1737 ea
1165 1664 1404 1760 expostulat“
1415 1692 1500 1745 eum

244 1808 365 1857 rerum
379 1802 530 1870 statum,
544 1809 621 1880 quo
638 1780 1014 1855 RomanusPontisex
1026 1781 1184 1856 subesse
1198 1781 1335 1858 debeat
1350 1785 1500 1874 nemini,

243 1899 439 1998 plenaque,
460 1928 534 1976 non
554 1927 646 1976 vero
666 1899 839 1985 illusoria,
861 1898 1035 1974 libertate
1055 1898 1124 1973 lrui
1140 1899 1169 1973 ''.

293 2030 349 2128 F)
386 2031 625 2106 Allocutione
662 2031 723 2105 die
763 2054 809 2122 24
839 2028 932 2102 Maii
966 2032 1059 2121 1889
1099 2054 1324 2128 congressus
1374 2030 1501 2109 laudat

243 2149 457 2237 catholicos,
478 2151 542 2248 qui
572 2175 657 2223 suas
696 2148 835 2223 saciunt
866 2144 1186 2245 expostulationes
1205 2148 1317 2223 Sedis
1336 2151 1500 2248 Aposto-

244 2268 323 2343 licae
341 2270 519 2366 additque
534 2296 542 2343 :
557 2279 575 2308 “
593 2268 666 2343 Pro
683 2293 756 2366 qua
774 2292 906 2341 caussa
923 2267 1007 2341 Nos
1018 2267 1169 2363 quidem
1183 2270 1344 2345 maxime
1358 2288 1395 2345 et
1413 2290 1501 2346 ante

242 2390 344 2476 alios,
366 2409 407 2466 ut
425 2392 615 2477 debemus,
630 2390 692 2464 diu
711 2413 1021 2488 propugnamus:
1049 2388 1096 2462 ab
1115 2414 1235 2487 eaque
1261 2390 1497 2478 vindicanda,

243 2534 310 2585 nec
338 2509 591 2608 longinquitas
630 2508 808 2606 temporis
839 2508 934 2595 Nos,
964 2532 1087 2605 neque
1126 2505 1198 2581 ulla
1238 2507 1498 2585 difficultatum

244 2629 464 2727 magnitudo
478 2628 697 2703 deterrebit.
712 2627 730 2655 '⁹

296 2755 353 2853 G)
376 2757 428 2831 Et
448 2781 495 2851 30
512 2757 612 2854 Junii
631 2756 788 2853 loquens
817 2754 1079 2830 Cardinalibus
1102 2755 1151 2831 de
1182 2755 1292 2855 signo
1316 2776 1498 2854 apostatae

245 2874 372 2949 Bruno
393 2876 525 2949 Romae
544 2896 691 2950 erecto:
710 2885 730 2914 “
748 2875 860 2961 Hinc,
884 2874 1012 2970 inquit.
1033 2874 1154 2972 magis
1174 2875 1370 2972 magisque
1384 2903 1497 2975 appa·

241 3011 306 3080 ret,
337 3018 424 3067 num
452 2993 664 3091 quieverint
682 3019 816 3067 everso
838 2991 1048 3090 Principatu
1067 2992 1165 3065 civili
1186 2992 1341 3069 hostiles
1359 2995 1496 3085 animi;

240 3137 287 3184 an
315 3110 414 3186 aliud
441 3129 642 3209 expectant
669 3129 709 3184 ut
736 3128 955 3196 extremum,
971 3108 1175 3185 —scilicet
1196 3112 1313 3208 ipsam
1334 3138 1497 3211 aequare

240 3231 320 3306 solo
347 3258 490 3307 sacram
512 3232 734 3308 Pontificum
753 3232 1024 3318 auctoritatem,
1045 3230 1235 3330 fidemque
1253 3231 1494 3308 christianam

241 3375 288 3423 ex
307 3351 423 3451 stirpe
440 3352 575 3427 delere.

293 3479 314 3508 “
342 3469 521 3545 Similiter
546 3471 695 3557 eminet,
725 3495 811 3544 num
844 3469 928 3542 Nos
955 3468 990 3542 in
1020 3469 1234 3566 repetendis
1253 3470 1497 3567 Apostolicae

240 3587 350 3663 Sedis
364 3588 513 3674 iuribus,
530 3588 691 3662 humana
711 3586 834 3685 aliqua
849 3612 897 3670 re,
912 3612 958 3659 an
975 3587 1098 3684 potius
1113 3586 1496 3686 libertateApostolici

240 3705 412 3791 muneris,
442 3705 625 3804 dignitate
655 3704 854 3791 Pontificis,
888 3722 1001 3801 atque
1029 3705 1109 3802 ipsa
1136 3731 1258 3781 rerum
1283 3705 1494 3781 Italicarum

239 3850 419 3923 germana
437 3827 684 3924 prosperitate
711 3851 939 3901 moveamur.

294 3953 314 3983 “
336 3943 512 4041 Denique
533 3945 686 4020 nimium
707 3970 818 4019 nosse
845 3944 940 4030 licet,
960 3944 1050 4042 quid
1080 3943 1231 4020 valeant
1249 3964 1287 4021 et
1305 3971 1380 4044 quo
1403 3949 1495 4024 ceci·

240 4061 362 4138 derint
376 4082 451 4138 tam
465 4064 581 4140 multa
596 4085 633 4141 et
648 4065 780 4163 ampla,
790 4091 887 4164 quae
900 4065 1004 4140 initio
1018 4067 1235 4163 promittere
1247 4094 1290 4142 ac
1305 4071 1493 4167 spondere

240 4205 313 4254 non
333 4181 610 4259 dubitaverunt,
632 4184 648 4211 ”

287 4306 355 4406 H)
381 4307 620 4386 Allocutione
658 4336 704 4404 24
735 4311 957 4385 Decembris
985 4311 1225 4408 conqueritur
1250 4313 1494 4390 Beatissimus

241 4421 351 4496 Pater
377 4423 425 4499 de
452 4427 713 4503 vexationibus
742 4426 922 4502 Ecclesiae
947 4425 1056 4501 illatis
1071 4455 1079 4515 ;
1109 4429 1274 4503 “omnia
1301 4431 1410 4519 enim,
1429 4433 1492 4521 ait,

241 4539 312 4614 iam
341 4560 460 4617 tentat
483 4545 643 4619 Satanas
670 4528 799 4619 contra
821 4544 1032 4619 Ecclesiam
1055 4545 1138 4634 Dei,
1167 4549 1384 4645 praesertim
1404 4576 1494 4627 vero

240 4678 369 4734 contra
387 4661 595 4739 libertatem
618 4664 819 4740 Pontificis.
835 4665 853 4691 ”
