3496 5482
628 566 750 617 CAPUT
777 566 970 616 OCTAVUM.
1364 564 1432 633 179

171 725 476 811 internationalis,
489 726 543 800 uti
561 726 699 812 dicunt,
718 725 914 822 occupatio
932 741 970 799 et
984 724 1151 798 detentio
1173 721 1340 797 Dominii
1358 722 1436 797 Ro·

173 844 272 918 mani
295 843 539 919 Pontificatus
559 862 615 919 est
630 866 844 932 ruJusrrrm
861 861 963 918 tanta
982 861 1021 917 ut
1034 842 1229 942 justificari
1244 868 1309 917 sen
1325 867 1435 917 excu-

173 962 245 1036 sari
266 987 500 1059 nequaquam
520 961 649 1059 possit.
674 961 773 1034 Duae
791 961 997 1036 secundum
1016 960 1110 1059 legis
1134 961 1273 1057 peritos
1296 961 1433 1034 dantur

172 1105 295 1154 causae
313 1079 559 1179 aggrediendi
579 1079 615 1152 vi
641 1096 784 1152 armata
803 1098 840 1154 et
859 1069 1072 1154 debellandi
1093 1104 1248 1178 regnum
1268 1077 1436 1178 legitime

173 1197 415 1273 constitutum
432 1224 439 1272 :
458 1196 626 1297 legitima
638 1197 811 1270 nimirum
826 1197 1000 1272 defensio
1015 1223 1058 1288 ac
1079 1197 1280 1271 necessitas
1295 1220 1436 1294 repres-

171 1301 299 1392 'sionis
324 1317 470 1391 Harum
500 1342 694 1392 causarum
727 1336 896 1392 neutram
929 1317 1096 1390 adfuisse
1125 1341 1247 1414 neque
1278 1344 1300 1390 a
1330 1335 1437 1414 parte

176 1436 360 1510 mitissimi
391 1435 581 1511 Pontificis
596 1460 718 1532 neque
740 1461 762 1508 a
781 1455 888 1534 parte
907 1434 1157 1534 possessionis
1176 1460 1262 1521 suae,
1283 1435 1436 1510 eviden-

176 1557 359 1630 tissimum
378 1558 416 1630 et
436 1557 472 1630 in
492 1555 667 1630 confesso
686 1573 754 1630 est.

224 1674 407 1771 Spoliatio
438 1674 563 1772 exigui
586 1672 755 1746 Dominii
776 1670 815 1746 S.
836 1670 937 1745 Petri
956 1697 978 1745 a
997 1688 1150 1768 potente
1179 1696 1296 1770 regno
1319 1670 1437 1747 ltaliae

175 1792 282 1868 nobis
301 1793 337 1867 in
357 1812 520 1868 mentem
542 1811 694 1868 revocat
713 1792 850 1891 agendi
870 1793 1052 1867 rationem
1073 1792 1176 1889 impii
1205 1792 1350 1880 Achab,
1372 1793 1436 1892 qui

173 1912 266 1986 dixit
283 1912 331 1985 ad
354 1911 509 1986 Nabotb
528 1939 535 1986 :
557 1922 578 1951 “
602 1913 663 1985 Da
695 1910 785 1984 mihi
815 1911 963 1984 vineam
984 1930 1097 1997 tuam,
1118 1911 1206 2007 quia
1237 1908 1360 1985 vicina
1377 1931 1436 1988 est

173 2047 211 2104 et
230 2055 345 2128 prope
364 2031 517 2104 domum
548 2056 681 2105 meam.
716 2027 787 2103 Cui
820 2029 1014 2124 respondit
1037 2027 1215 2102 Naboth:
1249 2029 1435 2126 Propitius

173 2148 221 2221 sit
253 2147 342 2221 mihi
377 2148 575 2235 Dominus,
608 2174 655 2222 ne
683 2148 769 2221 dem
799 2145 1055 2221 haereditatem
1090 2164 1236 2244 patrum
1266 2172 1434 2222 meorum
1472 2173 1475 2182 ⁴

174 2265 252 2342 tibi.
273 2265 387 2340 Venit
416 2291 507 2365 ergo
538 2265 672 2339 Achab
691 2266 728 2338 in
759 2266 913 2339 domum
935 2289 1040 2337 suam
1063 2263 1265 2363 indignans
1284 2283 1321 2339 et
1340 2265 1436 2341 sren-

173 2384 277 2458 dens.
300 2384 353 2457 Et
371 2402 503 2481 postea
533 2382 613 2458 lalsi
634 2400 750 2459 testes
771 2382 985 2457 eduxerunt
1006 2381 1161 2457 Nabotb
1185 2400 1290 2457 extra
1309 2383 1435 2458 civita-

174 2521 249 2579 tem
280 2524 318 2578 et
353 2504 538 2601 lapidibus
568 2503 845 2578 interfecerunt.
890 2502 969 2577 Sed
1000 2503 1136 2576 missus
1165 2519 1225 2576 est
1253 2503 1437 2601 propheta

177 2621 280 2696 Elias
300 2639 340 2696 ut
357 2622 497 2696 diceret
514 2622 562 2694 ad
582 2621 741 2695 Achab:
764 2620 860 2694 Haec
888 2620 978 2695 dicit
1009 2620 1218 2694 Dominus:
1241 2621 1433 2709 Occidisti,

175 2741 326 2838 insuper
356 2759 394 2814 et
425 2740 647 2837 possedisti!
671 2740 715 2813 ln
739 2738 821 2813 loco
851 2738 932 2826 hoc,
955 2738 991 2812 in
1010 2763 1087 2835 quo
1117 2736 1305 2814 linxerunt
1323 2765 1435 2816 canes

175 2860 396 2959 sanguinem
431 2860 598 2946 Naboth‚
632 2858 800 2935 lambent
817 2885 969 2958 quoque
1000 2859 1222 2959 sanguinem
1250 2877 1365 2937 tuum.
1386 2905 1437 2919 -

179 2974 298 3074 lgitur
317 3001 390 3050 non
410 2975 478 3050 suit
496 2975 589 3051 alter
621 2976 819 3051 talis'sicut
847 2975 993 3061 Achab,
1017 2976 1081 3073 qui
1112 2978 1360 3052 venumdatus
1378 2997 1437 3054 est
1519 2962 1523 2971 ¹

176 3112 215 3167 ut
234 3093 371 3169 laceret
391 3094 527 3169 malum
548 3095 583 3169 in
614 3111 821 3193 conspectu
844 3094 1010 3188 Domini,
1039 3111 1078 3169 et
1104 3095 1365 3171 abominabilis
1384 3096 1402 3169 l
1422 3142 1435 3157 ·

175 3225 256 3280 ctus
275 3226 332 3282 est
351 3206 405 3308 (¹)
427 3208 445 3234 ''

227 3325 289 3398 Ad
322 3323 457 3400 lactum
489 3325 577 3400 illud
607 3326 825 3400 historicum
855 3324 976 3400 allusit
1016 3325 1103 3399 Pius
1136 3325 1202 3412 IX,
1241 3327 1289 3400 ad
1321 3326 1437 3402 instar

179 3443 469 3519 Praedecessoris
488 3444 544 3517 sui
577 3445 632 3518 Pii
651 3444 744 3530 Vll,
768 3469 883 3541 quum
913 3443 1289 3518 Victor-Emmanuel
1319 3445 1436 3542 hypo·

177 3563 266 3636 crita
286 3563 392 3659 petiit
411 3563 542 3636 Status
564 3561 745 3637 Ecclesiae
762 3563 810 3635 ad
841 3562 1031 3659 implenda
1049 3581 1137 3636 vota
1159 3561 1337 3636 italorum
1357 3565 1435 3639 uni-

177 3696 293 3754 tatem
316 3680 449 3754 Patriae
468 3680 747 3777 postulantium.

231 3806 251 3835 “
274 3798 578 3886 Memineramus,
611 3798 740 3896 inquit,
770 3823 853 3872 cum
885 3798 922 3872 S.
956 3797 1159 3871 Ambrosio
1186 3795 1241 3897 (²),
1266 3796 1434 3886 Naboth‚

176 3933 345 3990 sanctum
392 3918 522 4002 virum,
561 3943 817 4015 possessorem
863 3918 984 3991 vineae
1021 3943 1108 4003 suae,
1161 3917 1435 4016 interpellatum

177 4035 357 4131 petitione
376 4037 487 4135 regia,
512 4055 550 4110 ut
570 4037 717 4111 vineam
748 4061 853 4108 suam
873 4036 991 4122 daret,
1014 4036 1075 4108 ubi
1097 4061 1161 4109 rex
1184 4035 1335 4109 succisis
1354 4036 1437 4109 viti·

177 4150 256 4236 bus,
277 4151 359 4225 olus
378 4153 451 4227 vile
469 4173 619 4240 sereret,
637 4154 810 4228 eumdem
825 4154 1062 4250 respondisse
1082 4181 1089 4227 :
1109 4153 1224 4227 Absit
1238 4167 1280 4226 ut
1296 4162 1437 4250 cgopa·

177 4279 280 4343 trum
299 4297 462 4345 meorum
480 4274 631 4346 tradam
649 4273 910 4346 lzaeredz'tatem.

231 4398 251 4426 “
274 4388 396 4463 Multo
415 4390 500 4464 hinc
520 4392 641 4465 minus
673 4391 728 4463 sas
748 4415 831 4464 esse
851 4390 960 4464 nobis
974 4390 1226 4488 judicavimus
1245 4406 1321 4464 tam
1341 4391 1434 4464 anti·

177 4531 288 4603 quam
308 4534 351 4580 ac
369 4534 511 4581 sacram
531 4508 798 4595 haereditatem,
819 4507 1092 4605 -temporale
1123 4506 1263 4609 scilicet
1295 4526 1434 4582 sanctae

217 4667 237 4704 r.
261 4653 305 4704 111
321 4653 481 4720 Reg.,xx1.

214 4746 237 4786 2.
257 4732 298 4785 Dc
312 4731 401 4788 Basil.
416 4732 551 4801 iradend,
566 4751 592 4789 n.
610 4749 648 4801 17.
