3496 5482
652 553 745 601 rapx
772 552 831 602 su·
859 551 934 601 Rex
964 532 1112 604 noum

638 655 742 659 ..-—.-.
799 655 905 662 αὴ

1330 664 1502 678 ’ἣ-

242 714 353 813 hujus
373 714 484 788 Sedis
499 712 729 799 Dominium,
745 739 816 786 non
829 713 909 787 sine
921 713 1081 788 evziianti
1101 717 1351 792 Providentia
1368 720 1505 795 divina

241 833 391 907 consilio
408 858 430 906 a
451 831 632 906 Romanis
653 830 897 906 Pontificibus
916 848 995 906 tam
1025 830 1138 933 longa
1169 833 1388 910 saeculorum
1407 837 1504 912 serie

242 977 467 1048 possessum,
488 995 539 1007 -
557 950 714 1035 tradere,
744 967 809 1024 aut
829 949 888 1025 vel
908 950 1021 1026 tacite
1039 952 1211 1027 assentiri
1232 970 1272 1028 ut
1290 955 1374 1051 quis
1398 955 1504 1046 Urbe

243 1069 409 1165 principe
428 1068 542 1143 Orbis
561 1066 731 1141 catholici
750 1067 943 1164 potiretur.

296 1196 316 1226 ‘⁴
335 1186 385 1260 N
382 1186 488 1261 abotlt
500 1186 591 1259 υἱέες
605 1211 689 1259 suas
706 1184 767 1259 vel
770 1186 931 1284 proprio
943 1212 1074 1261 cruore
1083 1186 1248 1284 defindit
1261 1185 1316 1288 (¹)
1332 1235 1382 1246 -
1399 1189 1502 1264 Num

242 1324 456 1404 poteramus
472 1306 565 1392 Nos,
573 1305 754 1404 quidquid
767 1305 918 1379 tandem
934 1325 1155 1380 eventurum
1168 1325 1268 1383 esset
1285 1309 1321 1382 N
1327 1310 1418 1397 obis,
1428 1334 1502 1383 non

237 1426 321 1523 jura
340 1424 674 1522 possessionesque
699 1422 850 1497 Sanctae
869 1423 1053 1497 Romanae
1078 1422 1259 1499 Ecclesiae
1287 1425 1500 1514 defendere,

241 1545 377 1642 quibus
391 1544 597 1633 servandis,
611 1562 793 1642 quantum
807 1543 843 1616 in
864 1542 972 1618 nobis
987 1561 1054 1629 est,
1076 1543 1253 1618 solemnis
1259 1545 1502 1644 jurisjurandi

243 1686 311 1758 nos
329 1653 599 1735 obstrinx'imus
618 1659 800 1760 religione
821 1657 876 1760 (²)
898 1660 915 1688 ”

246 1840 248 1852 ,
291 1776 378 1852 Alia
410 1778 589 1877 injustitia
608 1780 850 1882 ,usurpatoris
870 1796 1004 1876 praeter
1032 1779 1314 1875 occupationem
1334 1780 1503 1855 Dominii

242 1895 309 1971 luit
329 1896 465 1995 injusta
483 1896 678 1994 occupatio
697 1896 882 1980 bonorum
901 1896 1137 1995 propriorum
1157 1897 1196 1971 S.
1218 1897 1339 1972 Sedis.

293 2016 525 2092 Gubernium
554 2017 682 2114 utique
714 2016 945 2116 distinguere
964 2017 1159 2092 debuisset
1187 2017 1284 2093 inter
1305 2018 1503 2094 Pontifica-

241 2153 375 2212 tumet
395 2136 494 2210 bona
513 2133 788 2222 ecclesiastica;
808 2136 905 2210 inter
929 2133 1094 2234 regalem
1117 2135 1368 2234 principatum
1391 2137 1503 2234 Papae

144 2303 147 2311 ·
241 2271 279 2327 et
309 2253 555 2350 proprietates
587 2254 678 2351 ejus.
701 2252 817 2326 Aliud
837 2253 937 2327 enim
968 2271 1026 2327 est
1048 2254 1112 2350 jus
1143 2254 1190 2327 ad
1222 2255 1499 2351 proprietatem,

241 2370 418 2469 aliudjus
444 2371 490 2444 ad
513 2370 774 2468 Principatum.
812 2371 925 2469 Papae
944 2371 1177 2467 proprietarii
1210 2371 1357 2447 suerunt
1388 2373 1502 2473 longe

241 2506 442 2586 antequam
463 2489 627 2587 supremi
651 2488 841 2586 Principes
860 2507 976 2563 erant.

247 2677 253 2689 ,
297 2607 504 2706 Imperator
522 2633 692 2707 paganus
724 2608 950 2683 Aurelianus
983 2608 1238 2707 interpellatus
1259 2619 1280 2650 ‘⁴
1299 2636 1384 2685 cum
1407 2612 1501 2685 Pau·

241 2727 297 2803 lus
334 2728 602 2804 Samosatenus
638 2755 659 2811 e
699 2729 813 2803 domo
851 2725 1030 2804 Ecclesiae
1067 2729 1277 2805 nullatenus
1317 2732 1501 2806 excedere

241 2844 362 2933 vellet,
384 2847 589 2941 rectissime
607 2846 678 2920 hoc
698 2846 890 2946 negotium
910 2847 1138 2946 dijudicavit,
1159 2848 1203 2922 iis
1226 2849 1379 2923 domum
1405 2848 1501 2923 tradi

241 2967 471 3064 praecipiens
501 2966 638 3064 quibus
659 2966 777 3040 Italici
798 2966 987 3066 religionis
1007 2966 1209 3042 Antistites
1240 2987 1277 3042 et
1306 2968 1499 3042 Romanus

244 3084 455 3183 Episcopus
474 3085 681 3159 scriberent
699 3081 757 3184 (³)
776 3085 794 3113 '’

294 3205 511 3280 Alexander
530 3206 695 3280 Severus
715 3206 902 3302 rescripsit
935 3205 1069 3292 locum,
1089 3230 1200 3302 quem
1221 3205 1421 3304 propinarii
1440 3231 1500 3279 oc·

242 3342 450 3421 cupassent‚
474 3324 578 3397 reddi
597 3323 806 3397 christianis
826 3322 879 3424 (⁴).

250 3486 251 3489 =
293 3441 439 3516 Saeculo
477 3442 586 3516 tertio
624 3442 795 3515 Ecclesia
833 3443 965 3516 Romae
1006 3465 1101 3537 1500
1135 3467 1319 3539 pauperes
1354 3441 1502 3531 alebat;

242 3563 405 3638 habebat
423 3589 515 3662 ergo
534 3563 792 3659 proprietates.

294 3681 465 3754 Ethnicis
490 3681 774 3776 imperatoribus
794 3682 910 3779 pejus,
945 3681 1172 3780 gubernium
1207 3679 1377 3754 Italicum
1406 3681 1501 3778 rapit

240 3798 464 3873 aPontifice
483 3798 659 3895 palatium
691 3799 867 3884 aestivale,
900 3799 1104 3873 valetudini
1130 3801 1212 3897 ejus
1231 3817 1306 3873 tam
1331 3806 1500 3874 necessa·
1558 3814 1564 3824 '

241 3916 334 3989 rium
350 3917 444 4004 ,imo
464 3917 685 3990 Vaticanum
714 3942 797 3990 cum
828 3917 990 4013 pretiosa
1009 3917 1245 4003 bibliotheca,
1276 3916 1500 3992 collectioni·

242 4034 310 4108 bus
331 4029 374 4108 ac
394 4035 576 4109 thesauris
595 4035 681 4124 suis,
703 4037 968 4133 proprietatem
998 4037 1161 4111 declarat
1183 4049 1202 4077 ‘¹
1224 4037 1448 4111 nationalem
1468 4036 1497 4122 ’',

241 4155 346 4250 cujus
366 4153 655 4227 usufructuarius
675 4173 818 4228 tantum
838 4172 895 4228 est
926 4156 1110 4241 Pontifex,
1135 4156 1182 4228 ad
1207 4176 1336 4229 nutum
1365 4155 1499 4253 guber-

241 4272 290 4343 nii
311 4271 454 4344 hostilis
473 4291 510 4345 et
528 4272 638 4345 athei.

242 4414 389 4422 nv*—

281 4489 302 4527 1.
323 4474 351 4526 S.
362 4472 496 4526 Ambros.
508 4473 579 4527 Ibid.

278 4567 302 4606 2.
323 4551 558 4625 Encycl.1Nov.
576 4552 651 4619 1870.

272 4647 296 4700 3.
317 4631 434 4698 Euseb.‚
445 4632 521 4685 Htirt.
533 4632 620 4698 Eccl.,
636 4633 719 4701 Vlll,
734 4647 775 4702 30.

274 4728 298 4778 4.
321 4711 463 4780 Lamprid.
475 4743 510 4751 -
525 4713 554 4768 P.
567 4713 670 4769 Prelot.
681 4697 793 4770 Iitudes
806 4714 835 4768 S.
844 4714 884 4783 J,
895 4715 913 4768 l.
924 4731 955 4778 c.,
973 4714 1011 4769 18.
