3496 5482
217 555 221 561 ·
319 517 364 606 56
729 533 822 583 ΡΑΡΑ
848 532 908 583 sm
934 532 1010 582 nux
1038 533 1165 584 nouis.

235 770 241 779 ,
318 698 510 784 mendans,
530 696 660 773 fideles
679 698 849 773 hortatur
867 715 906 773 ut
925 724 946 771 a
968 697 1133 796 Deipara
1151 697 1357 794 impensius
1376 696 1573 794 implorent

319 815 355 888 id
377 818 517 914 “quod
538 817 645 891 bonis
659 816 834 892 omnibus
846 817 1171 915 exoptatissimum
1195 842 1279 892 esse
1297 816 1420 903 debet,
1441 833 1481 890 ut
1502 816 1571 891 Ec·

200 981 201 984 =
316 932 430 1009 clesia
448 954 567 1011 mater
584 935 755 1010 libertate
775 936 939 1032 potiatur
954 953 991 1011 et
1016 936 1158 1011 sruatur
1176 961 1254 1022 sua,
1275 960 1387 1032 quam
1408 960 1482 1009 non
1501 934 1574 1012 alio

321 1051 389 1127 Illa
404 1055 515 1129 refert
535 1054 604 1128 nisi
622 1054 670 1128 ad
689 1078 856 1128 summas
876 1051 1069 1128 hominum
1089 1053 1345 1151 procurandas
1360 1053 1531 1140 rationes
1553 1078 1574 1127 a

315 1198 389 1269 qua
408 1172 543 1270 singuli
563 1190 601 1247 et
627 1172 798 1246 civitates
818 1171 917 1246 nulla
936 1197 1093 1269 usquam
1127 1172 1274 1259 damna,
1295 1171 1453 1269 plurima
1471 1171 1574 1245 omni

317 1308 487 1388 tempore
505 1308 543 1365 et
562 1291 724 1364 maxima
745 1289 927 1364 beneficia
945 1307 1152 1365 senserunt,
1173 1289 1191 1317 ”

368 1409 481 1483 Stetit
500 1435 591 1508 ergo
612 1408 691 1482 Leo
711 1408 813 1482 XIII
837 1407 1029 1505 promissis
1047 1408 1146 1483 suis:
1168 1418 1188 1448 ‘⁴
1208 1407 1439 1484 Decessores
1458 1408 1574 1483 nostri

318 1555 440 1603 omnes
459 1529 754 1604 incolumitatem
776 1529 868 1603 tueri
886 1528 1118 1625 Principatus
1136 1527 1192 1600 sui
1215 1527 1316 1601 omni
1334 1527 1575 1601 contentione

317 1648 515 1746 studioque
539 1648 662 1723 conati
682 1664 791 1734 sunt;
817 1646 976 1744 Nosque
995 1646 1064 1744 ipsi
1083 1671 1261 1720 conamur
1286 1645 1475 1721 vindicare
1486 1656 1573 1743 per·

317 1768 527 1842 severantia
537 1767 634 1864 pari
649 1765 703 1866 (¹).
729 1766 747 1792 '¹

372 1887 538 1986 Ideoque
550 1905 587 1962 et
600 1912 667 1962 nos
680 1903 822 1961 tantam
836 1884 1020 1960 habentes
1033 1884 1245 1982 impositam
1259 1884 1396 1958 nubem
1410 1883 1571 1969 testium,

319 2007 551 2103 deponamus
569 2030 680 2080 omne
699 2004 852 2078 dubium
872 2004 920 2079 de
940 2003 1165 2079 necessitate
1177 2000 1391 2101 temporalis
1413 1999 1574 2074 Romani

323 2124 512 2199 Pontificis
534 2124 777 2221 PrincipatuS,
800 2141 838 2197 et
850 2147 917 2219 per
936 2121 1060 2208 fidem,
1080 2147 1185 2219 spem
1206 2140 1243 2197 et
1262 2121 1479 2196 charitatem
1494 2144 1574 2193 cur·

320 2269 445 2317 ramus
460 2243 506 2317 ad
526 2243 758 2340 propositum
772 2241 880 2315 nobis
898 2258 1099 2327 certamen,
1120 2257 1235 2338 atque
1249 2239 1481 2315 vindicemus
1500 2237 1573 2311 hae·

319 2360 516 2435 reditntem
532 2360 681 2434 Patrum
703 2378 925 2444 nostrorum,
944 2383 1028 2456 quae
1047 2358 1184 2458 injuste
1199 2358 1247 2432 ab
1261 2358 1418 2461 inimicis
1438 2357 1573 2432 nostris

320 2477 625 2576 aliqdotempore
644 2503 818 2574 possessa
837 2494 894 2551 est
909 2466 919 2550 !'

370 2611 404 2671 6.
433 2597 507 2671 Ast
525 2621 716 2694 opponere
734 2596 817 2694 quis
832 2613 970 2691 posset,
993 2595 1156 2691 ipsorum
1175 2595 1430 2668 Romanorum
1449 2593 1573 2668 Ponti·

318 2712 427 2788 ficum
442 2713 655 2790 testimonia
669 2714 737 2788 hac
755 2714 791 2787 in
809 2713 1018 2811 quaestione
1032 2738 1117 2787 esse
1128 2729 1313 2809 suspecta,
1323 2737 1406 2786 cum
1420 2710 1573 2809 loquan-

319 2850 377 2906 tur
396 2831 432 2905 in
451 2832 600 2929 propria
618 2857 739 2907 causa.
758 2831 970 2927 Quominus
984 2848 1110 2905 autem
1125 2831 1177 2906 ita
1195 2831 1278 2928 quis
1293 2831 1440 2918 sentiat,
1457 2827 1573 2904 multa

318 2967 405 3024 sunt
423 2975 508 3047 quae
527 2950 744 3047 impediunt.

368 3087 403 3146 7.
427 3070 478 3146 Et
496 3096 586 3144 sane
604 3098 611 3144 :
634 3069 854 3145 Pontificum
871 3071 970 3146 dicta
988 3069 1254 3144 confirmantur
1272 3069 1320 3144 ab
1349 3067 1573 3166 Episcopis;

317 3188 485 3286 quinimo
503 3188 551 3262 ab
573 3186 743 3262 Ecclesia
765 3188 903 3287 ubique
923 3206 1103 3263 terrarum
1135 3188 1317 3285 dispersa.
1337 3231 1388 3244 -
1407 3185 1504 3281 Quae
1521 3184 1573 3258 al·

320 3306 439 3382 firmat
453 3307 653 3382 auctoritas
668 3305 823 3393 illorum,
838 3332 882 3381 ea
901 3305 1119 3404 plerumque
1139 3306 1176 3380 hi
1195 3306 1355 3403 probant
1373 3328 1570 3404 argumen-

318 3428 364 3502 tis
378 3429 473 3527 juris
492 3455 534 3503 ac
559 3428 711 3502 rationis
740 3425 971 3503 firmissimis.
993 3474 1042 3484 -
1066 3427 1153 3525 Ipsa
1184 3425 1412 3501 confidentia
1429 3450 1504 3521 qua
1520 3422 1573 3498 lo·
1653 3438 1657 3445 ’

316 3564 490 3643 quuntur,
511 3546 609 3620 haud
629 3571 784 3644 parvum
810 3564 867 3620 est
892 3546 1066 3620 indicium
1083 3545 1175 3646 juris
1201 3543 1507 3640 auctoritatisque
1524 3540 1573 3614 ab

316 3648 566 3739 omnilraude
584 3682 622 3738 et
647 3664 888 3761 usurpatione
907 3663 1047 3737 alienae.
1075 3707 1125 3720 —
1155 3662 1320 3738 Omnem
1338 3685 1489 3761 quoque
1514 3686 1573 3734 su·

315 3780 519 3878 spicionem
548 3781 712 3856 excludit
744 3799 832 3856 nota
859 3781 1027 3856 doctrina
1057 3799 1094 3856 et
1121 3781 1299 3855 sanctitas
1328 3779 1570 3879 loquentium.

321 3899 463 3978 Merito
475 3899 629 3995 proinde
649 3901 685 3975 in
705 3900 774 3974 hac
793 3901 999 3997 quaestione
1018 3900 1216 3974 audiantur
1235 3897 1248 3999 (
1266 3899 1288 3996 ).

311 4012 315 4017 ”
369 4015 498 4112 Quare
521 4034 558 4091 et
588 4017 811 4116 Principatui
838 4017 934 4091 civili
962 4017 1147 4115 applicate
1179 4016 1264 4092 licet
1293 4042 1347 4102 ea,
1381 4043 1465 4113 quae
1483 4014 1571 4116 olim
1618 4112 1622 4120 ὁ

317 4134 464 4210 celeber
495 4136 655 4210 Bossuet
685 4138 733 4212 de
764 4139 929 4212 Primatu
957 4139 1148 4236 professus
1167 4155 1247 4213 est:
1283 4147 1300 4176 '¹
1329 4138 1456 4226 Audio
1482 4138 1572 4235 quid

317 4252 468 4327 dicant:
502 4254 683 4328 Romanis
705 4255 957 4342 Pontificibus,
989 4256 1089 4330 sedis
1119 4282 1196 4330 suae
1225 4256 1447 4355 dignitatem
1474 4281 1573 4330 com·

318 4371 593 4459 mendantibus,
609 4372 645 4448 in
658 4373 807 4471 propria
822 4372 996 4449 videlicet
1011 4399 1121 4450 causa
1137 4400 1210 4448 non
1230 4399 1314 4449 esse
1333 4374 1571 4449 credendum.

267 4596 270 4600 ’
357 4629 378 4669 1.
399 4614 489 4682 Epist.
504 4617 549 4670 aa.
567 4618 659 4687 Episc.
675 4618 804 4671 eremon.
821 4632 854 4686 29
868 4618 973 4687 npnns
992 4619 1066 4684 1889.

355 4711 379 4749 2.
401 4695 466 4750 Cler
483 4697 598 4765 Horten
613 4699 657 4751 De
671 4697 800 4767 prImatu.
819 4697 912 4751 slent.
924 4713 998 4767 gen„
1012 4715 1038 4751 n.
1055 4699 1113 4768 508,
1127 4707 1203 4752 nota.
