3496 5482
1270 540 1582 552 -—-——..—.—-

326 607 370 655 22
735 603 828 653 Palm
855 603 914 653 SIT
942 604 1017 653 REX
1048 604 1173 654 ROMAE.

326 711 366 719 ..-
827 707 1112 714 -—-—-—--—-—-—-

326 769 432 841 Deus
452 765 640 865 flagellum
661 767 696 839 in
714 792 825 840 manu
844 766 1127 842 socialistarum.
1149 812 1199 824 —
1214 767 1458 842 Socialismus
1477 769 1584 868 virga

323 885 384 960 illa
410 904 468 960 est
493 885 663 983 vr'grt'lant
686 910 888 983 numquam
921 875 1121 972 dormiens,
1150 887 1246 960 sicut
1277 911 1322 959 ea
1350 912 1462 985 quam
1491 888 1585 961 vidit

324 1003 509 1101 propheta
534 1003 718 1101 jeremias
730 1000 775 1102 (¹)
789 1031 797 1090 ;
812 1003 990 1078 continuo
1009 1004 1176 1102 exagitat
1195 1028 1261 1078 eos
1280 1003 1344 1101 qui
1359 1005 1583 1102 gubernium

324 1138 464 1197 tenent.

371 1240 431 1338 B)
461 1238 688 1336 impotentia
717 1238 890 1336 quaedam
925 1239 1129 1313 Ecclesiae:
1165 1249 1185 1279 ⁴‘
1209 1239 1435 1337 Requiritur,
1468 1239 1583 1313 immo

322 1360 442 1457 primo
466 1361 548 1435 loco
567 1380 605 1435 et
620 1360 865 1458 potissimum,
877 1378 916 1434 ut
931 1360 1095 1456 supremi
1117 1359 1311 1435 Ecclesiae
1331 1361 1475 1458 Capitis
1493 1387 1582 1435 con·

323 1478 426 1564 diti0,
444 1503 540 1575 quae
559 1477 684 1552 multis
702 1477 839 1552 abhinc
857 1478 976 1562 annis,
998 1502 1064 1575 per
1082 1479 1159 1552 vim
1178 1496 1292 1577 atque
1318 1479 1479 1565 iniurias
1497 1504 1583 1553 eva·

323 1596 372 1669 sit
388 1621 435 1670 eo
461 1621 612 1692 prorsus
631 1597 786 1695 indigna
802 1614 916 1693 atque
939 1594 1145 1693 apostolico
1169 1598 1313 1672 muneri
1343 1596 1579 1684 insociabilis,

324 1733 434 1811 prout
452 1715 561 1790 decet
579 1733 616 1788 et
634 1714 822 1800 convenit,
837 1730 1023 1787 statuatur
1042 1712 1097 1813 (²).
1121 1714 1137 1741 ''

376 1831 427 1930 C)
445 1832 618 1908 Tandem
651 1857 807 1929 pravum
827 1831 1051 1927 exemplum.
1068 1875 1119 1888 -
1134 1828 1299 1904 Multum
1326 1831 1426 1905 enim
1447 1856 1583 1907 nocere

323 1950 436 2025 debet
455 1951 669 2024 notionibus
683 1951 779 2049 juris
801 1969 839 2024 et
865 1949 1023 2048 justitiae
1054 1975 1097 2023 ac
1130 1949 1298 2046 proinde,
1330 1948 1583 2024 fundamentis

323 2068 512 2144 societatis
543 2067 671 2156 civilis,
708 2067 889 2142 nefarium
927 2067 1026 2141 istud
1058 2064 1273 2164 exemplum
1303 2093 1325 2140 a
1361 2067 1583 2164 primatibus

326 2182 517 2264 nationum
547 2188 637 2287 ipsis
663 2188 899 2263 inferioribus
918 2187 1046 2261 datum
1079 2206 1116 2261 et
1139 2187 1317 2262 continuo
1345 2187 1461 2262 oculis
1480 2186 1584 2262 exhi·

324 2307 465 2381 bitum:
484 2305 650 2381 violenta
678 2306 873 2404 oppressio
903 2324 940 2380 et
967 2305 1128 2402 direptio
1147 2304 1297 2380 Sanctae
1323 2304 1413 2380 Sedi
1445 2306 1583 2379 Roma·

324 2450 448 2524 noque
469 2424 638 2500 Pontifici
658 2425 805 2498 inflicta.
820 2469 870 2480 -
891 2425 948 2498 Ita
961 2425 1074 2498 sentit
1092 2443 1130 2498 et
1149 2448 1279 2523 regum
1298 2449 1341 2497 ac
1360 2422 1581 2521 populorum

325 2546 452 2620 Pater:
469 2558 489 2585 “
513 2546 590 2620 Ubi
609 2545 709 2620 enim
730 2544 861 2619 vident
879 2544 958 2618 iura
972 2542 1232 2642 antiquissima
1247 2561 1285 2618 et
1300 2544 1463 2618 maxime
1477 2569 1582 2618 sacra

325 2663 453 2739 violari
472 2666 509 2740 in
528 2691 688 2762 persona
706 2664 845 2739 Vicarii
865 2663 1006 2739 Christi
1028 2663 1193 2749 Domini,
1216 2680 1361 2737 mutant
1380 2662 1416 2735 in
1436 2661 1583 2760 populis

324 2783 496 2858 notiones
521 2785 600 2858 veri
619 2800 657 2858 et
676 2777 773 2870 iusti
795 2800 833 2857 et
851 2800 1040 2856 commota
1058 2798 1146 2854 sunt
1175 2779 1418 2854 fundamenta
1446 2781 1583 2879 quibus

324 2901 492 2977 innititur
512 2902 591 2999 ipsa
609 2900 773 2974 humana
791 2900 952 2975 societas
971 2896 1025 2998 (³).
1047 2899 1065 2928 ”

376 3021 427 3094 Et
446 3045 486 3094 re
503 3021 655 3117 quidem
676 3045 774 3105 vera,
796 3043 871 3117 qua
886 3018 1031 3115 possint
1045 3017 1188 3091 ratione
1203 3016 1370 3090 amoveri
1385 3016 1583 3091 socialistae

322 3155 360 3214 et
378 3138 646 3225 communistae,
666 3162 741 3233 quo
756 3153 980 3235 argumento
1000 3134 1181 3209 confutari
1200 3160 1222 3207 a
1241 3133 1446 3208 rectoribus
1465 3134 1583 3208 natio·

324 3283 423 3345 num,
437 3283 553 3354 quum
572 3256 634 3355 qui
655 3274 881 3354 potestatem
900 3256 1071 3330 detinent
1085 3255 1239 3329 eosdem
1255 3272 1413 3328 cernunt
1427 3280 1583 3328 summae

324 3377 451 3452 favere
470 3377 623 3476 injuriae,
645 3376 782 3475 iniquae
805 3376 946 3450 scilicet
965 3376 1172 3450 detentioni
1192 3375 1347 3449 dominii
1368 3376 1582 3472 temporalis

323 3515 362 3570 et
380 3495 644 3593 augustissima
663 3519 841 3592 spernere
853 3495 941 3592 jura
957 3494 1323 3591 sacratissimamque
1341 3510 1583 3567 contemnere

324 3613 583 3687 auctoritatem
600 3612 614 3687 ?

377 3730 428 3803 Et
446 3748 495 3816 tu,
526 3731 680 3827 Europa
698 3747 754 3804 tot
779 3730 967 3828 tantisque
987 3728 1177 3804 beneficiis
1196 3755 1218 3803 a
1238 3727 1307 3802 SS.
1339 3726 1582 3801 Pontificibus

323 3846 557 3944 locupletata,
578 3866 617 3922 tu
641 3848 848 3922 dominium
867 3849 969 3945 quod
994 3864 1051 3922 est
1070 3848 1187 3944 ipsius
1205 3845 1314 3920 simul
1340 3862 1378 3920 et
1401 3845 1582 3920 Ecclesia:

325 3984 363 4040 et
401 3966 515 4040 totius
543 3964 669 4064 populi
700 3965 881 4053 catholici,
911 3966 1000 4064 quid
1030 3984 1088 4040 est
1119 3990 1185 4039 cur
1214 3964 1369 4040 moreris
1403 3963 1585 4039 Ecclesiae

324 4083 518 4179 pristinam
547 4084 736 4158 vindicare
761 4084 972 4158 libertatern
1000 4101 1037 4158 et
1071 4109 1144 4157 una
1175 4109 1258 4157 cum
1282 4081 1452 4157 Ecclesia
1479 4108 1582 4180 pros-

325 4226 414 4298 pere
432 4199 620 4277 debeliare
644 4200 925 4277 socialismum?
952 4201 1061 4276 Tunc
1080 4200 1144 4276 fiet
1162 4227 1237 4299 pax
1255 4201 1293 4275 in
1312 4201 1450 4275 virtute
1469 4218 1532 4274 tua
1546 4217 1583 4274 et

324 4318 555 4393 abundantia
570 4321 605 4393 in
621 4320 783 4393 turribus
799 4319 892 4393 tuis!

362 4497 386 4617 d.
399 4484 554 4632 ἕζετάἑ,
564 4498 677 4618 dimin.
689 4564 847 4633 Rampolla.
862 4593 896 4602 —
909 4565 984 4618 Acta
998 4565 1028 4620 S.
1042 4565 1132 4634 Sedes,
1145 4575 1164 4620 t.
1180 4580 1221 4634 20,
1235 4581 1299 4636 pag.
1314 4579 1353 4633 13.

363 4656 387 4710 3.
407 4642 499 4712 Epist.
512 4642 550 4698 ad
564 4643 677 4698 Cardin.
694 4642 779 4697 Nina
