3496 5482
852 478 965 484 ..—...-
1072 482 1159 488 -.,,,...
1174 482 1278 488 .-..--
1292 480 1493 490 ————-·-—-

650 538 743 588 Pnrn
771 540 830 588 SIT
859 541 930 590 REX
962 541 1087 592 ROMAE.

983 643 1213 651 ——-—---—
1220 644 1283 650 --

240 688 494 768 lamentabilis
525 698 692 795 exsurgit
711 699 874 773 conditio
892 698 1038 773 socialis
1057 701 1170 775 totius
1193 702 1331 778 Italicae
1353 704 1497 787 Patriae.

244 808 299 884 Ut
324 809 406 886 Leo
424 811 529 887 XIII
551 815 675 890 aiebat
692 814 779 891 olim
801 817 1096 914 Ephemeridum
1109 821 1350 918 scriptoribus
1368 851 1376 896 :
1394 834 1415 863 ‘⁴
1432 825 1500 899 Di·

240 927 313 1002 cite
336 930 487 1005 tandem
506 933 672 1030 publicas
704 933 834 1009 Italiae
852 960 911 1009 res
936 961 1059 1034 neque
1088 940 1336 1037 prosperitate
1355 940 1497 1032 llorere,

242 1070 367 1144 neque
385 1049 558 1125 diuturna
573 1051 837 1150 tranquillitate
855 1079 966 1151 posse
984 1055 1198 1145 consistere,
1218 1059 1288 1132 nisi
1306 1059 1500 1137 Romanae

241 1165 358 1243 Sedis
386 1170 559 1269 dignitati
591 1191 629 1248 et
658 1175 793 1248 summi
815 1176 1005 1251 Pontificis
1036 1175 1208 1264 libertati,
1237 1197 1347 1274 prout
1375 1181 1501 1256 omnia

242 1281 323 1360 lura
348 1289 547 1385 postulant,
568 1290 676 1368 luerit
695 1294 903 1369 consultum
924 1293 977 1392 (¹).
999 1294 1017 1321 ''

305 1405 408 1480 Dum
428 1408 613 1483 restitutio
631 1409 719 1484 boni
743 1411 867 1508 inique
885 1409 998 1485 ablati
1018 1412 1164 1487 nonnisi
1187 1414 1501 1491 condonationem

246 1544 284 1602 et
318 1510 616 1605 benedictionem
646 1532 807 1628 desuper
834 1531 991 1619 afferret,
1012 1531 1172 1608 retentio
1201 1532 1337 1632 injusta
1355 1559 1501 1610 summa

243 1646 456 1744 expostulat
476 1651 653 1724 sacrificia
672 1649 727 1750 (²).

218 1790 221 1797 ’
299 1765 446 1843 Insanae
481 1787 568 1844 sunt
602 1770 887 1868 dilapidationes
922 1769 1156 1843 denariorum
1194 1769 1423 1867 publicorum
1461 1770 1498 1844 in

244 1881 382 1958 infelici
406 1886 522 1975 ltalia,
543 1914 628 1986 quae
646 1915 748 1964 more
768 1914 986 1989 magnarum
1007 1887 1199 1961 nationum
1223 1890 1324 1985 cupit
1342 1889 1499 1963 classem

242 2000 381 2077 habere
414 2006 615 2105 ingentem,
650 2009 980 2105 possessionesque
998 2007 1191 2105 possidere
1222 2008 1499 2082 transmarinas.

246 2118 297 2193 Et
322 2145 394 2217 qua
414 2124 546 2201 dere?
565 2126 691 2222 Quare
714 2126 819 2201 ltalia
838 2127 875 2200 in
895 2126 1083 2199 ruinosum
1099 2125 1240 2222 proruit
1259 2124 1396 2199 bellum
1416 2151 1499 2200 cum

246 2237 426 2339 Ethiopia
451 2244 562 2318 rebus
590 2244 760 2343 Anglicis
792 2245 941 2320 favendi
970 2242 1111 2318 causa?
1130 2242 1257 2338 Quare
1275 2269 1359 2317 cum
1379 2242 1503 2319 Gallia

245 2381 375 2453 pacem
395 2386 545 2440 servare
559 2381 670 2461 atque
685 2364 919 2438 concordiam
933 2363 1002 2459 ipsi
1015 2387 1093 2435 rem
1105 2361 1300 2435 molestam
1312 2363 1472 2438 aestimat
1487 2363 1502 2437 ?

247 2474 375 2570 Quare
413 2480 562 2580 insuper
584 2503 710 2560 manet
728 2484 912 2559 submissa
927 2483 996 2556 sub
1009 2483 1104 2580 jugo
1138 2481 1355 2560 Borussiae?
1379 2482 1503 2558 Unice

246 2622 292 2671 ne
313 2622 335 2669 a
353 2600 528 2696 quopiam
555 2603 739 2700 gubernio
757 2602 934 2676 deterreri
963 2600 1081 2698 possit
1100 2600 1147 2673 ab
1171 2599 1277 2674 Urbe
1295 2625 1363 2676 ceu
1381 2601 1503 2699 capite

248 2716 366 2792 Italici
398 2723 514 2820 regni,
546 2722 799 2808 custodienda,
831 2741 870 2796 ut
902 2722 1027 2817 itaque
1053 2736 1136 2793 orto
1156 2717 1254 2794 bello
1286 2719 1421 2818 aliquo,
1442 2723 1502 2795 vel

245 2839 496 2914 conventione
513 2840 751 2938 diplomatica
778 2841 884 2926 facta,
906 2839 986 2935 ipsa
1017 2838 1198 2913 interesse
1219 2839 1337 2934 possit
1356 2864 1423 2913 nec
1442 2865 1503 2915 co·

244 2973 353 3054 gatur
376 2976 495 3033 status
511 2960 704 3034 restituere
723 2975 862 3032 sanctae
883 2956 1062 3030 Ecclesiae
1083 2953 1139 3054 (³).

296 3075 358 3150 Sic
391 3077 527 3152 misere
556 3078 743 3151 subservit
772 3075 965 3150 ambitioni
996 3092 1202 3148 ceterarum
1237 3075 1429 3150 nationum
1465 3096 1503 3152 et

245 3192 386 3269 interea
407 3222 547 3293 pauper
566 3196 607 3270 fit
625 3212 662 3270 et
682 3192 901 3270 miserabilis
919 3212 1017 3268 terra
1048 3190 1141 3266 Itala
1160 3210 1312 3290 propter
1330 3195 1503 3270 timorem

244 3329 281 3386 et
303 3339 437 3388 vanam
457 3314 624 3413 gloriam.

283 3519 305 3558 1.
327 3504 414 3558 Alloc.
429 3520 462 3558 22
480 3505 561 3559 Febr.
580 3505 653 3572 1889.
667 3534 701 3543 -
715 3503 731 3532 “
747 3506 787 3558 La
810 3502 945 3558 situation
972 3500 1123 3554 iuterieure
1138 3512 1166 3555 et
1181 3501 1336 3558 exterieure
1353 3503 1390 3557 de
1403 3504 1505 3560 l’ltalie

247 3593 289 3638 est
303 3583 360 3638 loin
381 3584 468 3638 d’etre
488 3585 628 3650 minante,
648 3594 675 3638 et
689 3584 718 3636 la
741 3599 930 3653 permanence
945 3581 981 3634 du
1005 3579 1100 3634 condit
1122 3598 1191 3635 avec
1214 3581 1242 3634 13
1265 3582 1392 3653 Ρ3ρ3111έ
1411 3599 1447 3638 en
1460 3594 1505 3638 est

243 3663 353 3733 jusqu'a
372 3681 408 3717 un
422 3663 529 3718 certain
543 3665 622 3735 point
636 3664 663 3718 la
676 3680 770 3718 cause.
783 3664 796 3691 ’¹
811 3659 1062 3729 (Rostworowski.)
1085 3659 1242 3714 Verissima
1255 3678 1367 3732 quoque
1379 3672 1423 3717 est
1443 3663 1505 3720 haec

246 3743 387 3797 consessio
399 3743 480 3798 ducis
495 3745 641 3812 Baratieri‚
656 3744 721 3798 victi
733 3742 761 3796 in
772 3742 892 3796 Adouah
906 3761 912 3796 z
927 3742 944 3768 ⁴‘
959 3743 1039 3793 Dans
1054 3755 1102 3794 ces
1115 3740 1193 3808 vingt
1208 3757 1259 3793 ans
1271 3741 1372 3796 I’ltalie
1386 3758 1403 3796 a
1416 3744 1505 3812 perdu

246 3840 303 3877 non
318 3823 474 3877 seulement
488 3834 549 3878 tout
569 3841 620 3878 son
641 3841 679 3890 or,
703 3823 775 3877 mais
794 3822 870 3876 aussi
885 3832 963 3876 toute
977 3838 1008 3874 sa
1021 3817 1068 3884 soi,
1088 3828 1166 3872 toute
1180 3837 1232 3872 son
1243 3819 1397 3890 esperance
1417 3839 1453 3876 en
1467 3839 1504 3876 un

247 3902 344 3956 avenir
353 3902 486 3956 meilleur.
505 3904 545 3957 La
558 3904 635 3957 seule
648 3904 725 3957 soree
739 3902 832 3968 reelle,
847 3900 997 3956 demeuree
1008 3899 1113 3953 Intacte
1127 3898 1194 3952 chez
1208 3915 1289 3968 nous,
1303 3901 1370 3955 c'est
1385 3901 1455 3956 celle
1467 3902 1505 3958 de

246 3967 722 4052 11811531(3313331336Νον.
741 3981 828 4050 1896.)

282 4078 304 4116 2.
327 4063 416 4130 Epist.
432 4062 534 4117 Leonis
549 4064 623 4116 XIII
639 4063 675 4117 ad
691 4062 805 4116 Cardin.
821 4060 980 4128 RampoHn,
997 4071 1026 4127 15
1041 4057 1115 4127 Junii
1133 4057 1208 4122 1887.

283 4157 304 4208 3.
326 4141 341 4168 “
356 4142 430 4196 C'est
444 4142 471 4196 la
485 4143 614 4211 question
628 4143 729 4211 papale
739 4141 785 4211 qui
797 4158 813 4194 3
826 4140 902 4194 force
916 4138 1016 4193 l’ltaIIe
1030 4139 1047 4191 a
1060 4148 1155 4192 entrer
1169 4137 1243 4191 dans
1254 4137 1282 4191 la
1292 4137 1375 4209 triple
1385 4139 1505 4195 alliance

247 4232 274 4274 et
287 4221 305 4274 a
318 4237 348 4274 se
361 4221 454 4274 ruiner
468 4238 503 4275 en
515 4232 688 4276 armements
703 4239 737 4275 au
753 4220 836 4290 profit
850 4220 886 4273 de
900 4235 946 4272 ses
959 4216 1048 4271 allies.

283 4299 298 4326 “
314 4300 387 4353 C’est
401 4311 474 4354 cette
487 4301 580 4354 meme
590 4300 720 4371 question
732 4300 778 4368 qui
790 4317 807 4353 a
820 4297 962 4352 contraint
973 4297 1074 4350 I’Italie
1085 4297 1102 4349 a
1113 4313 1143 4350 se
1157 4296 1293 4350 brouiller
1307 4296 1506 4368 economique·
1560 4295 1563 4303 '

248 4391 325 4433 ment
338 4389 366 4433 et
379 4379 594 4450 politiquement
608 4398 677 4435 avec
691 4382 718 4434 la
730 4381 849 4439 France,
864 4395 899 4431 au
913 4377 1004 4447 grand
1015 4375 1167 4430 detriment
1180 4376 1216 4429 de
1231 4392 1276 4429 ses
1285 4376 1402 4430 interets
1416 4377 1505 4431 finan·

250 4459 322 4514 ciers
336 4468 363 4511 et
377 4461 593 4515 commerciaux.

287 4538 303 4566 “
318 4539 356 4590 M.
370 4537 463 4605 Crispi
474 4539 508 4591 l’a
519 4539 607 4592 avone
621 4559 627 4594 :
638 4556 665 4592 ce
672 4541 725 4609 qui
735 4558 752 4591 a
761 4537 916 4590 dllerrrrr'trl
922 4537 935 4588 l
938 4535 1065 4588 'altitude
1077 4535 1110 4587 de
1122 4534 1265 4587 l'Italr'eet
1272 4551 1323 4586 son
1335 4537 1427 4588 1111111
1433 4536 1507 4591 dans
1524 4560 1532 4569 ·

251 4619 281 4672 Ia
293 4618 378 4686 triple
390 4618 517 4681 3111111131,
530 4619 591 4671 c’est
597 4637 649 4688 pue
659 4621 688 4672 la
699 4620 727 4671 F
727 4635 810 4671 runca
820 4636 838 4668 a
847 4618 975 4685 lortjours
987 4616 1000 4667 l
1002 4617 1148 4668 'z'trtenlr'on
1159 4614 1193 4666 de
1203 4615 1335 4667 saulever
1341 4615 1370 4666 la
1379 4619 1506 4685 question

254 4699 388 4752 romnt'ne.
403 4698 416 4723 ’¹
426 4697 474 4763 (de
488 4698 660 4766 T’Serclaes,
674 4716 699 4768 p.
716 4697 786 4763 186.)
