3496 5482
319 565 382 636 132
748 564 842 614 ΡΑΡΑ
869 565 929 613 SIT
957 565 1031 613 REX
1062 563 1188 616 ROMAE.

334 743 523 799 servatum
559 726 729 799 distinuit
766 726 873 798 Pium
896 724 973 798 Vll
1008 726 1285 822 aNapoleone,
1310 753 1394 801 cum
1427 727 1485 801 hic
1515 753 1597 824 pro·

334 843 522 941 posuisset
546 861 595 927 ut,
617 843 803 917 oflensivo
830 869 873 916 ac
902 842 1098 918 defensivo
1128 844 1270 924 foedere
1299 845 1400 930 inito,
1424 844 1598 919 Pontifex

334 980 462 1059 portus
481 976 644 1036 statuum
681 987 832 1035 suorum
852 960 1064 1036 occluderet
1083 961 1229 1060 Anglis.
1253 963 1398 1059 Spretis
1417 962 1598 1060 potentis-

313 1080 416 1154 simi
436 1079 670 1176 imperatoris
690 1079 809 1166 minis,
827 1079 923 1153 dixit
954 1079 1173 1153 mitissimus
1189 1081 1300 1154 Pater
1322 1081 1488 1154 omniurn
1508 1080 1597 1154 fide·

333 1199 422 1273 liun'r
444 1193 490 1272 :'“
512 1199 602 1273 Non
614 1217 671 1272 est
690 1224 755 1272 cur
779 1225 824 1273 ea
853 1198 986 1273 iterum
1015 1198 1249 1296 proferamus
1264 1199 1401 1298 quibus
1419 1215 1458 1275 et
1476 1225 1499 1273 a
1517 1196 1597 1273 reli·

332 1319 445 1418 gione
464 1337 543 1393 eta
574 1317 803 1393 conscientia
829 1319 877 1392 ab
909 1344 955 1393 eo
973 1318 1143 1393 seriendo
1163 1317 1305 1393 loedere
1324 1318 1596 1392 detinebamur.

338 1435 439 1511 lllius
475 1437 721 1510 amantissimi
757 1436 970 1511 Servatoris
1000 1436 1099 1510 vices
1128 1437 1304 1536 gerimus,
1328 1437 1392 1534 qui
1420 1436 1598 1532 Princeps

333 1555 434 1652 pacis
459 1572 694 1652 nuncupatus
709 1574 777 1640 est,
798 1555 862 1652 qui
881 1580 1012 1652 pacem
1029 1554 1133 1628 venit
1149 1555 1299 1630 mittere
1321 1554 1357 1627 in
1372 1573 1519 1640 terram,
1533 1554 1597 1651 qu‘i
1716 1554 1729 1569 ”“

333 1699 463 1772 pacem
486 1683 560 1747 'nos
584 1673 664 1748 vult
684 1673 823 1749 habere
842 1675 939 1748 inter
959 1699 1037 1748 nos.
1062 1674 1164 1778 Loco
1194 1673 1305 1771 positi
1326 1698 1455 1747 sumus
1477 1671 1598 1746 Patris

333 1792 509 1878 omnium,
530 1792 614 1878 Dei,
629 1817 838 1891 omnesque
853 1792 967 1889 patris
981 1791 1163 1866 debemus
1178 1791 1313 1866 affectu
1333 1789 1532 1888 complecti
1545 1789 1598 1863 uti

333 1909 466 1984 filiolos
485 1908 652 1996 dilectos
675 1935 771 2007 quos
791 1910 964 1984 Christus
1001 1909 1160 1983 redemit
1189 1911 1373 2009 sanguine
1403 1934 1482 1983 suo.
1519 1907 1598 1981 No·

334 2048 493 2103 strarum
512 2047 570 2102 est
595 2030 756 2124 partium
781 2053 873 2102 oves
899 2053 984 2126 quae
1010 2028 1197 2123 perierant
1229 2045 1397 2102 errantes
1417 2051 1594 2125 quaerere,

334 2146 453 2242 iisque
471 2145 584 2220 etiarn
604 2145 728 2221 lumen
743 2145 944 2246 Evangelii
960 2145 1138 2243 praebere,
1152 2145 1215 2243 qni
1233 2146 1268 2218 in
1283 2145 1448 2219 tenebris
1463 2144 1598 2218 sedent

334 2282 372 2339 et
392 2263 576 2336 inumbra
594 2263 737 2337 mortis.
761 2263 859 2358 Quae
873 2264 1026 2360 quidem
1041 2263 1266 2337 sanctissimi
1285 2262 1415 2336 Nostri
1435 2262 1598 2338 muneris

283 2440 285 2444 -
334 2381 456 2456 officia
469 2380 569 2454 haud
587 2398 646 2455 est
663 2372 726 2479 qui
748 2406 822 2454 non
843 2381 946 2455 videt
975 2379 1075 2455 nullo
1094 2379 1205 2477 plane
1225 2379 1346 2453 modo
1362 2386 1452 2451 'cum
1466 2405 1514 2453 eo
1533 2379 1550 2453 s
1584 2424 1596 2438 ·

334 2500 423 2574 dere
440 2497 646 2572 consociari
665 2524 786 2595 posse,
808 2525 855 2572 ex
884 2498 1017 2595 quoin
1045 2497 1235 2594 Principes
1260 2495 1450 2595 quoslibet
1469 2494 1598 2597 (etiam

334 2614 577 2714 acatholicos)
612 2640 680 2712 pro
728 2616 935 2690 Galliarum
983 2616 1218 2712 imperatoris
1269 2615 1425 2689 arbitrio
1461 2615 1598 2690 bellurn

334 2758 465 2832 parare
484 2757 715 2832 cogeremur.
739 2733 836 2828 Quae
853 2734 922 2807 sia
941 2733 1048 2807 nobis
1068 2732 1209 2819 fierent,
1232 2750 1270 2806 et
1282 2716 1326 2806 ¹vi
1346 2759 1388 2806 ac
1406 2731 1599 2832 legeper·

335 2850 436 2948 petui
455 2849 607 2925 foederis
626 2849 706 2924 fieri
731 2851 886 2925 omnino
904 2850 1098 2937 deberent,
1118 2875 1281 2948 quonam
1309 2851 1421 2924 modo
1448 2876 1600 2948 sperare

334 2993 543 3065 possemus,
564 2969 667 3066 quod
686 2986 839 3065 propter
870 2967 944 3042 Dei
962 2967 1121 3067 gloriam
1146 2985 1183 3041 et
1202 2968 1412 3041 animarum
1440 2967 1598 3042 salutern

334 3110 356 3156 a
374 3083 498 3159 Nobis
513 3110 587 3158 non
602 3084 722 3158 solum
737 3085 956 3181 optandum,
972 3086 1040 3159 sed
1052 3085 1165 3158 etiam
1186 3085 1288 3158 omni
1304 3110 1376 3182 ope
1395 3085 1599 3158 curandum

335 3220 403 3289 est,
424 3220 465 3275 ut
483 3226 567 3300 quae
584 3219 718 3301 gentes
737 3221 824 3276 sunt
842 3221 949 3277 extra
973 3203 1166 3277 catholicae
1190 3201 1379 3306 Ecclesiae¹
1396 3203 1529 3285 sinum,
1551 3203 1599 3275 ad
1654 3207 1657 3210 ’

336 3346 419 3396 eam
435 3321 598 3409 veniant,
613 3341 650 3397 et
667 3323 880 3396 Romanum
903 3321 1121 3398 Pontificem
1144 3342 1182 3397 ut
1202 3322 1300 3396 illius
1322 3341 1433 3419 caput
1448 3341 1489 3397 et
1504 3324 1599 3397 Pon·

338 3436 474 3513 tificem
495 3455 730 3527 venerentur,
750 3464 864 3538 quem
882 3465 966 3513 cum
986 3442 1151 3537 ipsorum
1170 3439 1342 3514 hostibus
1364 3440 1597 3528 foederatum,

337 3559 385 3633 ad
405 3560 526 3636 caedes
545 3578 583 3636 et
595 3560 741 3649 serrum,
757 3563 804 3635 ad
820 3562 1033 3636 vastitatem
1054 3562 1143 3659 ipsis
1171 3562 1415 3636 adserendam
1430 3583 1600 3659 paratum

338 3703 423 3753 esse
441 3679 614 3754 viderent
633 3678 703 3788 (¹)?
721 3679 739 3706 ''
1578 3692 1581 3698 '

390 3792 538 3892 Quibus
557 3797 763 3873 rationibus
788 3814 892 3871 tanta
911 3797 968 3872 vis
988 3793 1084 3872 inest
1116 3816 1156 3871 ut
1181 3823 1254 3871 non
1292 3796 1412 3871 solum
1433 3817 1600 3894 tempore

342 3915 377 3989 N
383 3915 576 4013 apoleonis
609 3918 636 4005 l,
658 3919 726 3991 sed
745 3917 846 3992 omni
866 3934 977 3990 aetate
1000 3916 1176 3990 Romano
1200 3915 1370 3991 Pontifici
1390 3913 1601 3989 neutralita-

259 4074 263 4081 ·
340 4055 414 4109 tem
428 4035 525 4109 inter
539 4024 803 4135 belligerantes
823 4036 1017 4133 imponere
1035 4035 1183 4118 debeat.

387 4152 472 4248 Jam
490 4172 602 4251 antea
620 4154 852 4251 propositum
880 4153 979 4227 aliud
1002 4152 1237 4250 Napoleonis
1260 4153 1274 4226 l
1297 4151 1477 4250 rejecerat
1497 4150 1595 4225 idem
1619 4163 1624 4172 '

342 4269 525 4358 Pontifex,
536 4270 676 4345 scilicet
690 4288 731 4344 ut
746 4270 938 4346 Gallorum
952 4271 1080 4346 hostes
1092 4289 1129 4344 et
1142 4295 1230 4344 suos
1243 4270 1372 4344 hostes
1384 4268 1599 4342 aestimaret.

339 4398 360 4426 ‘⁶
381 4387 593 4482 Quomod0,
609 4387 833 4463 exclamavit
850 4388 982 4462 Pastor
996 4386 1226 4473 universalis,
1247 4387 1438 4485 quomodo
1460 4385 1544 4458 Nos
1563 4401 1602 4457 et

339 4506 482 4580 muneri
497 4505 726 4603 praedicandi
757 4505 1009 4602 Evangelium
1030 4506 1131 4579 omni
1157 4524 1338 4579 creaturae
1362 4522 1400 4580 et
1418 4499 1600 4601 diligendi

276 4700 280 4709 ⁸
377 4723 617 4796 1.Alloc.111ul.
637 4723 712 4779 1808.
