3496 5482
664 544 785 595 cneus
811 542 1083 595 uuouncmuu.
1435 542 1506 616 277

246 725 511 784 extenuaretur
529 705 774 803 vectigalibus
790 704 1119 779 innumerabilibus
1135 705 1171 778 in
1191 705 1289 780 diem
1309 707 1505 782 crescenti·

247 827 333 916 bus;
352 873 401 883 --
419 828 482 925 qui
501 826 750 901 devoveretur
768 824 838 898 sub
857 823 1039 899 libertatis
1058 825 1142 899 fuco
1160 824 1405 910 contumeliis,
1428 826 1506 900 vin·

245 947 366 1031 dictis,
386 943 720 1041 perditissimorum
753 942 946 1016 hominum
974 942 1213 1029 factionibus;
1232 943 1362 1041 -qui
1394 943 1505 1019 desti·

246 1080 411 1138 tueretur
430 1061 637 1160 magnificis
656 1060 805 1157 pompis
823 1079 860 1135 et
880 1060 1142 1158 splendoribus
1164 1060 1385 1158 quibuscum
1406 1061 1506 1136 nulla

245 1181 315 1256 alia
345 1183 381 1256 in
412 1183 503 1257 orbe
533 1199 712 1256 terrarum
742 1180 900 1255 conferri
932 1199 1101 1276 possent;
1129 1225 1179 1237 -
1205 1181 1267 1279 qui
1300 1181 1507 1256 intueretur
1543 1271 1545 1274 y

245 1301 436 1375 ministros
454 1299 570 1373 divini
590 1298 711 1373 cultus
729 1299 776 1372 ad
796 1324 980 1373 summam
999 1317 1209 1397 egestatem
1225 1299 1406 1385 redactos,
1424 1298 1505 1375 reli·

244 1419 349 1518 giosa
380 1419 547 1493 instituta
577 1443 645 1490 sua
674 1419 852 1514 dispersa,
887 1418 966 1514 pias
1004 1417 1241 1492 fundationes
1271 1417 1503 1505 confiscatas,

244 1557 357 1636 atque
375 1536 483 1613 simul
504 1537 662 1612 nesciret
682 1535 781 1611 alere
800 1562 983 1634 pauperes
1010 1565 1098 1613 suos
1127 1539 1228 1612 cives
1258 1563 1334 1635 prae
1360 1562 1506 1612 summa

243 1657 398 1754 penuria
417 1682 539 1731 rerum
559 1655 606 1729 ad
626 1657 886 1756 emigrandum
908 1656 1059 1732 tandem
1079 1657 1266 1731 turmatim
1286 1677 1436 1730 coactos
1465 1673 1504 1731 et

244 1774 397 1871 perinde
415 1801 458 1848 ac
477 1774 606 1850 exules
625 1774 809 1849 effectos?

294 1891 390 1986 Quis
410 1890 554 1965 felicem
573 1917 658 1965 eum
679 1891 856 1988 populum
876 1892 984 1978 dicet,
1012 1893 1075 1990 qui
1103 1918 1149 1967 eo
1177 1891 1323 1965 ducitur
1341 1909 1379 1966 et
1398 1891 1500 1966 insti·

242 2011 365 2098 tuitur,
388 2030 426 2084 ut
447 2036 520 2085 non
540 2010 660 2084 solum
681 2037 770 2086 vera
797 2009 978 2110 religione
996 2012 1171 2108 privetur,
1193 2011 1260 2085 sed
1280 2028 1319 2085 ut
1345 2035 1497 2084 sensum
1564 2088 1569 2103 t,

241 2154 391 2226 quoque
411 2128 586 2202 naturalis
605 2128 812 2203 honestatis
831 2147 943 2227 atque
958 2129 1113 2227 justitiae
1132 2129 1287 2213 amittat,
1308 2126 1406 2201 nulla
1426 2128 1497 2202 alia

241 2247 392 2346 cognita
410 2245 503 2344 lege,
526 2245 625 2319 nulla
655 2247 875 2321 auctoritate
905 2246 1079 2331 admissa,
1107 2265 1352 2343 praeteream,
1381 2270 1493 2343 quam
1598 2331 1601 2337 Ι

241 2363 353 2437 timor
370 2389 492 2460 poenae
510 2363 712 2438 observare
729 2364 866 2438 faciat?

293 2482 553 2578 Aspirationes
572 2483 697 2580 populi
721 2482 848 2569 Italici,
876 2484 907 2557 si
939 2509 1023 2582 quae
1041 2484 1264 2558 exstiterunt
1283 2483 1498 2582 hujusmodi

241 2625 325 2673 esse
344 2600 494 2697 quidem
516 2624 589 2674 non
611 2619 783 2698 poterant
802 2621 842 2675 ut
864 2603 1023 2676 Romam
1044 2621 1263 2699 ceterasque
1284 2600 1499 2676 Pontificias

242 2718 453 2814 provincias
468 2716 681 2792 detestabili
694 2720 790 2818 jugo
801 2717 1243 2793 Victoris-Emmanuelis
1259 2718 1499 2816 subjicerent;

241 2836 308 2910 sed
326 2861 348 2909 e
366 2861 559 2923 converso,
584 2856 625 2911 ut
643 2837 846 2912 ditionibus
868 2838 1029 2913 Romani
1055 2837 1246 2911 Pontificis
1274 2836 1501 2934 incorporari

242 2974 396 3053 possent
421 2972 459 3029 et
479 2956 528 3029 ita
547 2954 617 3028 frui
636 2955 787 3052 pacifica
806 2956 977 3030 libertate
995 2974 1032 3030 et
1053 2955 1228 3030 felicitate
1246 2954 1316 3029 sub
1343 2975 1500 3052 paterno

242 3089 280 3144 et
299 3071 497 3146 mitissimo
518 3072 573 3145 Pii
597 3072 655 3146 IX
674 3090 712 3147 et
733 3073 873 3148 Leonis
892 3073 996 3148 Xlll
1020 3073 1286 3148 moderamine.

293 3188 440 3282 Quibus
455 3214 546 3287 ergo
561 3191 849 3287 aspirationibus
865 3192 1114 3266 massonicum
1129 3190 1353 3289 gubernium
1370 3188 1502 3264 Subal·

242 3307 370 3403 pinum
390 3303 604 3382 satisfacere
625 3308 742 3385 voluit
761 3311 798 3383 in
830 3311 1076 3409 occupatione
1098 3309 1236 3384 Urbis?
1255 3309 1502 3406 Aspirationi·

243 3424 312 3497 bus
333 3425 515 3511 nimirum,
530 3446 570 3500 ut
583 3452 669 3500 mox
683 3428 903 3514 videbimus
926 3428 1096 3502 factionis
1114 3426 1289 3501 satanicae
1308 3452 1392 3524 quae
1412 3453 1502 3500 nun·

242 3566 354 3639 quam
387 3544 554 3641 quiescit,
579 3571 663 3642 quae
694 3547 853 3620 Romam
880 3547 1140 3621 vehementius
1167 3545 1389 3642 concupivit,
1419 3570 1504 3642 quae

245 3663 459 3736 Romanum
498 3661 716 3736 Pontificem
752 3682 884 3761 utpote
920 3664 1061 3739 Christi
1095 3663 1293 3751 Vicarium,
1335 3663 1503 3737 satanico

243 3800 357 3879 atque
381 3799 564 3878 perpetuo
584 3782 671 3856 odio
691 3784 937 3880 prosequitur,
959 3809 1043 3880 quae
1062 3807 1254 3880 persuum
1274 3782 1502 3879 corypheum

244 3925 357 3973 ausus
388 3916 446 3973 est
480 3899 619 3996 Papam
648 3900 835 3998 appellare
860 3927 1054 3976 cancerem
1087 3901 1213 3987 ltaliae,
1234 3925 1319 3998 quae
1353 3898 1504 3974 Pontifi·
1558 3901 1563 3908 “

244 4044 325 4093 cem
341 4034 451 4091 vocat
465 4018 652 4115 publicum
668 4020 815 4096 hostem
830 4021 888 4095 cui
904 4019 1041 4095 bellum
1058 4018 1295 4093 indicendum
1315 4037 1504 4116 estusque

244 4135 291 4210 ad
312 4136 604 4211 internecionem
626 4137 681 4236 (¹).

298 4251 359 4325 En
378 4277 536 4348 quorum
556 4254 719 4329 virorum
738 4256 963 4355 gubernium
982 4255 1082 4329 sitim
1101 4253 1278 4351 explevit.

292 4373 325 4434 7·
349 4372 627 4448 Restaurationi
641 4401 714 4450 non
729 4377 924 4452 obstarent
938 4401 1084 4474 magnae
1102 4374 1266 4471 Europae
1282 4374 1502 4448 Potestates.

285 4619 306 4658 1.
325 4605 471 4676 Avanzini,
485 4609 560 4664 Acta
573 4612 602 4665 S.
618 4613 706 4683 Sedis,
721 4625 739 4669 t.
753 4614 779 4683 6,
793 4632 819 4685 p.
834 4630 848 4668 2
854 4627 893 4684 51.
907 4645 941 4654 —
953 4615 1030 4671 Llon
1043 4612 1131 4682 XIII,
1141 4629 1192 4682 par
1203 4611 1270 4682 Mgr
1283 4609 1320 4665 de
1331 4609 1505 4679 T'SetclaeS‚

250 4686 290 4752 11,
302 4685 347 4741 ch.
363 4696 476 4755 xxvnt,
489 4689 619 4750 discours
632 4692 669 4749 de
680 4694 809 4750 Adriano
823 4696 940 4750 Lemmi.
