3496 5482
243 488 654 498 ..-..-.-.-.-....-...-
663 487 1452 503 -—---—-—-———------....—.....-—..-.,----—

711 551 833 602 carus
861 551 1026 602 saxnun.
1430 544 1495 625 141

291 716 346 815 (3)
363 714 554 811 Deinceps
566 715 613 787 ad
627 713 796 788 militiam
810 713 1054 799 subeundam,
1069 715 1180 788 etiam
1190 716 1352 814 juvenes
1364 715 1496 803 clerici,

240 833 325 933 lege
342 832 426 920 lata,
446 833 626 929 compulsi
654 851 750 919 sunt,
778 833 1098 943 consequentibus
1118 834 1243 910 multis
1261 852 1300 910 et
1317 834 1517 936 gravibus·

241 951 442 1028 obstaculis
461 951 621 1028 delectui
641 952 871 1028 Clericorum
892 946 1087 1029 habendo¹

292 1068 348 1171 (4)
370 1071 550 1145 Manibus
570 1087 752 1168 praeterea
771 1071 808 1144 in
823 1070 1115 1147 ecclesiasticum
1136 1073 1400 1172 patrimonium
1421 1075 1497 1148 vio·
1569 1088 1572 1092 “

242 1190 362 1265 lenter
379 1189 553 1275 admotis,
572 1188 660 1262 illud
693 1189 827 1285 partim
860 1188 950 1264 fisco
968 1216 1120 1288 prorsus
1139 1192 1393 1291 adjudicatum
1420 1192 1499 1280 suit,

193 1308 200 1323 ’
242 1310 376 1409 partim
396 1308 665 1384 enormissimis
697 1308 844 1383 tributis
867 1335 1107 1408 summopere
1125 1330 1329 1400 tenuatum,
1350 1338 1396 1388 eo
1414 1338 1499 1386 con-

241 1426 323 1500 silio
341 1445 382 1501 ut
396 1427 443 1502 ad
462 1443 671 1525 egestatem
692 1427 923 1525 redigeretur
942 1426 1086 1515 Clerus,
1109 1445 1147 1502 et
1169 1428 1339 1504 Ecclesia
1358 1429 1402 1504 iis
1428 1430 1499 1527 pri-

242 1562 392 1619 varetur
405 1543 648 1631 adminiculis,
668 1543 804 1641 quibus
824 1545 871 1618 ad
889 1545 1094 1620 vivendum
1115 1545 1360 1646 institutaque
1378 1572 1420 1621 ac
1439 1547 1500 1644 pia

241 1687 357 1759 opera
375 1664 634 1759 promovenda
653 1663 691 1736 in
710 1661 818 1736 terris
837 1662 992 1761 indiget.

292 1781 349 1884 (5)
372 1784 459 1883 lpsa
476 1782 595 1858 civilis
610 1783 823 1857 dominatus
855 1784 952 1858 actio
970 1784 1018 1857 ad
1038 1782 1281 1858 christianum
1309 1784 1497 1862 characte-

243 1926 319 1975 rem
340 1927 387 1976 ex
410 1901 504 1977 Itala
523 1902 675 1976 natione
693 1900 905 1988 delendum,
937 1919 1015 1977 tota
1042 1901 1279 1979 continenter
1298 1929 1339 1980 se
1358 1902 1495 2004 dirigit.

242 2018 306 2092 Ab
325 2018 481 2119 legibus,
512 2020 560 2094 ab
587 2021 689 2095 omni
719 2019 887 2094 officialis
917 2021 1005 2095 vitae
1034 2041 1130 2108 actu,
1151 2020 1295 2119 quaevis
1314 2020 1398 2097 idea
1418 2022 1499 2113 reli·

241 2137 347 2236 giosa
366 2156 581 2214 constanter
609 2137 826 2225 excluditur,
863 2138 932 2212 nisi
960 2139 1057 2214 sorte
1075 2139 1188 2214 etiam
1215 2140 1357 2215 directe
1381 2166 1498 2241 oppu-

241 2274 389 2354 gnetur.

292 2371 350 2474 (6)
369 2374 525 2471 Quaevis
545 2374 691 2472 publica
721 2374 807 2449 fidei
839 2373 1032 2450 catholicae
1052 2375 1304 2451 manifestatio
1323 2393 1386 2450 aut
1406 2375 1499 2450 inhi-

243 2491 361 2579 betur,
382 2510 454 2578 aut,
469 2494 665 2588 speciosas
696 2494 746 2567 ob
771 2518 911 2578 causas,
940 2493 1128 2567 sexcentis
1147 2493 1269 2568 modis
1288 2493 1503 2596 impeditur,

294 2609 351 2710 (7)
368 2612 536 2687 Familiis
554 2615 728 2689 submota
742 2639 868 2690 earum
884 2614 984 2688 basis
1003 2631 1061 2688 est
1079 2614 1253 2712 religiosa
1271 2597 1505 2702 constitutio,

244 2730 491 2819 matrimoni0,
511 2733 613 2830 quod
632 2732 740 2808 civile
758 2751 907 2819 vocant,
929 2732 1169 2830 proclamato.

294 2847 349 2948 (8)
374 2849 574 2924 Instructio
592 2852 746 2925 omnino
764 2850 856 2924 laica
869 2851 1090 2948 praecipitur,
1108 2877 1129 2923 a
1148 2849 1276 2946 primis
1295 2849 1501 2926 litterarum

245 2967 463 3043 rudimentis
492 2970 675 3067 usquead
694 2995 888 3067 supremas
908 2969 943 3042 in
963 2969 1274 3068 archigymnasiis
1294 2969 1500 3044 audiendas

244 3089 523 3186 praeceptiones,
544 3116 659 3164 —ex
677 3114 753 3186 quo
772 3088 921 3163 eveniet
941 3106 980 3161 ut
1000 3112 1108 3161 novae
1125 3087 1391 3186 generationes
1419 3089 1500 3163 sine

245 3207 318 3281 ulla
339 3209 546 3310 Religionis
566 3211 650 3285 idea
663 3234 897 3284 succrescere
915 3208 1125 3306 adigantur.

299 3335 320 3363 “
341 3328 526 3404 Moralem
547 3328 657 3415 Cleri,
689 3330 726 3404 id
745 3348 802 3404 est
821 3327 1027 3403 catholicae
1061 3325 1264 3414 Ecclesiae,
1283 3328 1320 3402 in
1340 3327 1501 3427 populos

246 3447 504 3522 auctoritatem
523 3474 569 3522 ex
590 3448 679 3545 ipsis
698 3448 844 3523 socialis
863 3448 963 3522 vitae
983 3447 1158 3533 sontibus,
1179 3448 1307 3521 schola
1330 3448 1503 3523 videlicet

247 3582 284 3637 et
303 3562 439 3639 familia
451 3565 616 3640 funditus
631 3566 801 3653 evellere,
812 3566 961 3641 axioma
979 3584 1036 3640 est
1050 3564 1099 3640 ab
1121 3565 1360 3641 Massonicae
1378 3586 1503 3642 sectae

248 3683 489 3778 scriptoribus
507 3687 720 3761 authentice
740 3686 968 3761 declaratum
990 3684 1044 3787 (¹).
1066 3685 1084 3714 '¹

302 3801 499 3899 Ejusmodi
518 3823 693 3902 systema,
716 3805 939 3902 ubicumque
953 3805 1085 3878 eadem
1104 3823 1207 3879 secta
1225 3831 1330 3879 suam
1351 3805 1503 3904 impiam

249 3944 292 3991 ac
324 3920 505 3995 nefastam
538 3923 723 3998 actionem
757 3924 906 4009 exserit,
941 3923 1151 4019 adoptatur,
1184 3941 1297 4021 atque
1329 3924 1365 3996 in
1398 3950 1505 3998 usum

250 4035 466 4126 deducitur;
486 4057 524 4113 et
542 4041 718 4138 quoniam
737 4042 816 4114 haec
839 4061 942 4115 secta
971 4040 1045 4113 late
1074 4040 1208 4115 diffusa
1226 4059 1293 4128 est,
1315 4042 1400 4117 ideo
1420 4041 1508 4115 illud
1594 4050 1597 4057 '

251 4173 415 4250 systema
433 4157 757 4233 antichristianum
791 4177 828 4233 et
857 4159 978 4255 ipsum
1011 4157 1084 4232 late
1113 4176 1170 4232 est
1189 4158 1345 4255 publicis
1364 4160 1510 4233 actibus

252 4272 487 4369 applicatum.
514 4277 569 4351 At
593 4302 683 4352 vero
709 4279 778 4351 ista
807 4276 1007 4376 applicatio
1035 4277 1071 4349 in
1092 4276 1134 4350 iis
1155 4278 1370 4377 regionibus
1389 4278 1509 4376 magis

253 4389 382 4486 rapida
413 4418 455 4466 ac
487 4394 706 4469 universalis
739 4396 875 4482 evadit,
909 4420 1068 4494 quorum
1102 4396 1356 4471 moderatores
1387 4395 1509 4494 magis

254 4525 366 4581 sectae
388 4510 614 4585 Massonicae
629 4515 786 4611 imperio
805 4514 957 4588 obnoxii
973 4531 1069 4587 sunt.
1090 4514 1224 4611 Leges,
1241 4539 1334 4612 quas
1350 4513 1408 4587 isti
1423 4537 1510 4586 con-

295 4719 316 4757 1.
336 4705 453 4777 Encycl.
468 4712 570 4766 Leonis
585 4714 659 4766 Xlll
675 4714 711 4767 ad
727 4714 831 4784 Episc,
843 4714 949 4768 clerum
963 4723 991 4767 et
1006 4711 1100 4781 popul.
1116 4710 1188 4780 Ital,
1205 4725 1235 4781 15
1250 4713 1312 4767 Oct.
1330 4714 1406 4779 1890.
