3496 5482
249 489 428 498 -——-.-—-
660 490 880 498 W*
903 491 936 498 .—
974 491 1051 498 ..-—

595 553 717 606 carun
744 553 923 604 baernum
951 554 1149 617 Quantum,
1431 551 1503 625 337

247 711 371 810 Leges
398 709 526 785 civiles
554 735 656 808 saepe
679 711 816 807 saepius
843 712 991 786 nonnisi
1010 711 1178 808 poenales
1197 711 1391 798 habentur,
1411 710 1516 784 dum·

243 827 346 928 leges
366 826 525 903 morales
553 827 743 902 Pontificis
773 829 956 903 internam
986 829 1252 905 conscientiam
1270 828 1448 915 afficiunt
1467 846 1505 903 et

244 947 422 1045 majorem
456 947 632 1021 virtutem
663 972 705 1020 ac
734 946 965 1022 sanctionem
993 948 1041 1022 ad
1069 948 1237 1023 ordinem
1266 970 1503 1021 communem

243 1092 372 1164 praese
385 1066 518 1141 lerunt.
535 1067 641 1166 Ergo
659 1066 722 1140 ubi
737 1065 867 1141 fideles
880 1065 929 1141 illi
945 1051 1176 1165 postularent
1195 1085 1234 1141 ut
1252 1069 1363 1142 Pater
1376 1083 1414 1141 et
1427 1065 1504 1139 dux

242 1187 448 1261 animarum
465 1188 501 1260 in
516 1186 665 1284 plenam
678 1187 929 1262 vindicaretur
943 1187 1164 1275 libertatem,
1176 1189 1254 1287 jam
1269 1187 1391 1262 Statui
1403 1211 1502 1259 com·

242 1322 388 1403 peteret
414 1330 525 1403 opem
554 1305 649 1380 serre
677 1305 900 1402 petentibus,
922 1306 1239 1404 quemadmodum
1265 1304 1374 1379 decet
1400 1304 1502 1378 auxi·

242 1422 320 1497 liari
353 1422 437 1497 filiis
464 1423 538 1521 qui,
571 1423 607 1497 in
640 1424 898 1499 defensionem
918 1425 1140 1523 genitorum,
1170 1424 1350 1522 juvamen
1373 1420 1503 1519 implo-

243 1558 367 1615 rarent
394 1542 464 1616 viri
491 1541 606 1628 fortis,
623 1542 770 1640 justitia
801 1568 843 1616 ac
871 1543 1010 1639 pietate
1037 1543 1193 1640 praediti.
1214 1542 1288 1615 Ast
1316 1541 1448 1616 crescit
1467 1540 1503 1614 in

242 1659 465 1734 immensum
494 1659 696 1734 auxiliandi
726 1660 882 1758 aequitas
915 1660 977 1734 ubi
1005 1661 1128 1760 agitur
1159 1660 1207 1734 de
1238 1661 1346 1733 Patre
1379 1659 1504 1756 inique

242 1775 410 1874 spoliato,
432 1794 470 1852 et
494 1777 541 1852 de
571 1779 798 1853 Patrimonio
818 1779 1001 1853 universae
1022 1778 1170 1853 lamiliae
1188 1778 1399 1852 christianae
1417 1802 1503 1851 con-

243 1911 299 1968 tra
318 1894 496 1993 injustum
515 1919 778 1994 aggressorem
796 1922 839 1969 ac
854 1896 1090 1970 detentorem
1106 1895 1343 1969 vindicando.
1364 1894 1503 1968 Nonne

243 2030 280 2086 et
290 2013 383 2111 justi
393 2014 597 2111 juvaminis
611 2012 795 2110 implorati
808 2014 1161 2113 denegatioquibus
1173 2013 1340 2098 vindices
1347 2012 1503 2110 justitiae

243 2155 326 2205 esse
341 2131 520 2227 competit
535 2157 557 2204 a
571 2150 676 2227 parte
689 2157 829 2219 eorum,
847 2132 980 2206 misere
996 2131 1205 2205 redundare
1219 2130 1332 2205 debet
1347 2131 1384 2203 in
1398 2129 1504 2205 dimi-

244 2248 437 2321 nutionem
453 2249 705 2323 venerationis
721 2275 763 2322 ac
775 2248 1000 2324 obedientiae
1015 2249 1182 2324 civium?
1201 2249 1307 2347 Ergo
1319 2265 1505 2346 quotquot

243 2385 330 2440 sunt
361 2365 533 2441 nationes
565 2366 600 2439 in
629 2367 765 2464 quibus
795 2365 925 2442 incolae
958 2366 1131 2442 catholici
1163 2365 1341 2452 habitant,
1380 2365 1501 2450 decet,

243 2485 406 2581 expedit,
423 2484 498 2558 imo
513 2503 660 2581 oportet
676 2484 766 2574 illas,
780 2485 956 2561 continuo
974 2485 1021 2560 ad
1036 2487 1121 2585 jura
1143 2485 1263 2558 Patris
1278 2483 1502 2558 vindicanda

243 2603 369 2676 omnia
401 2602 524 2676 media
553 2600 720 2701 legitima
749 2603 1004 2678 indesinenter
1038 2602 1227 2678 adhibere.
1264 2602 1323 2676 lta
1358 2627 1502 2699 perem-

244 2721 365 2818 ptorie
385 2720 495 2795 Card.
520 2720 737 2818 Dechamps
757 2741 794 2796 ct
816 2723 864 2795 D.
885 2721 1038 2795 Lalordt
1058 2720 1113 2820 (¹)

284 2955 463 3010 1.Concinne
476 2955 659 3011 ratiocinatur
674 2956 832 3012 Cardinalis
847 2958 1012 3027 Dechamps
1030 2977 1035 3011 :

280 3033 297 3062 “
317 3034 429 3089 N'est·il
442 3051 494 3105 pas
507 3034 575 3090 clair
588 3037 653 3106 qu’il
666 3037 783 3091 n'existe
793 3053 855 3106 pas,
868 3036 940 3091 dans
951 3036 977 3091 le
990 3037 1096 3091 monde
1109 3035 1225 3104 civilise,
1234 3035 1270 3090 de
1280 3044 1502 3104 gouvernement

245 3114 292 3185 qui
306 3132 342 3169 ne
355 3115 451 3184 puisse
464 3125 492 3169 et
506 3132 541 3169 ne
552 3115 635 3170 doive
648 3116 784 3170 delendre
796 3118 838 3170 les
847 3117 964 3171 interets
977 3126 1005 3171 et
1019 3117 1059 3170 les
1073 3116 1162 3170 droits
1175 3115 1212 3170 de
1225 3131 1271 3170 ses
1285 3115 1394 3184 sujets?

280 3192 297 3221 “
317 3194 429 3248 N'est·il
442 3211 494 3263 pas
507 3195 667 3263 egalement
680 3196 750 3250 clair
762 3213 826 3266 que,
840 3196 912 3250 dans
930 3196 1042 3266 chaque
1056 3181 1131 3262 litat,
1156 3195 1276 3250 l'interet
1301 3193 1432 3264 supreme
1449 3194 1501 3248 des

243 3272 429 3343 catholiques,
443 3274 503 3327 leur
513 3273 587 3328 droit
599 3273 814 3344 incontestable,
827 3275 895 3330 c’est
908 3277 936 3329 la
949 3275 1047 3330 liberte
1061 3276 1098 3330 de
1107 3276 1182 3329 leurs
1193 3273 1377 3329 consciences
1391 3272 1502 3343 insepa-

245 3353 402 3408 rablement
419 3353 483 3407 unic
497 3353 513 3406 a
528 3355 554 3406 la
568 3354 667 3408 liberte
679 3369 707 3408 et
720 3354 737 3407 a
752 3354 985 3425 l’independance
996 3356 1034 3408 du
1047 3354 1115 3409 chel
1124 3355 1161 3408 de
1174 3341 1290 3423 l'ljglise
1303 3354 1350 3408 i...

281 3431 298 3461 “
317 3431 441 3487 Veuillez
451 3449 616 3503 remarquer
629 3434 654 3487 le
666 3433 771 3489 double
781 3434 924 3489 caractere
937 3434 973 3489 de
986 3436 1014 3489 la
1027 3434 1159 3504 question
1175 3432 1324 3487 Romaine.

281 3512 298 3539 “
318 3512 391 3566 C’est
404 3529 459 3565 une
469 3512 600 3582 question
614 3513 753 3582 generale,
768 3531 804 3568 ou
818 3514 908 3583 plutbt
922 3515 1100 3581 universalia,
1114 3530 1163 3568 car
1176 3514 1203 3567 la
1216 3510 1379 3567 catholicite
1393 3512 1438 3567 n’a
1450 3529 1503 3582 pas

246 3591 281 3646 de
296 3591 436 3646 frontiere.

259 3671 298 3750 ‘⁴‘
318 3671 393 3726 C'est
413 3671 581 3727 neanmoins
601 3689 656 3727 une
678 3672 808 3743 question
827 3671 978 3726 interieure
1000 3690 1071 3742 pour
1091 3674 1201 3743 chaque
1217 3656 1283 3726 Erat
1296 3687 1363 3737 ;car
1376 3681 1441 3726 tous
1460 3672 1503 3727 les

249 3752 331 3805 Etats
344 3761 393 3805 ont
406 3750 457 3805 des
470 3752 557 3822 sujets
571 3752 755 3821 catholiques,
769 3753 816 3822 qui
838 3762 887 3806 ont
899 3751 973 3805 droit
995 3753 1012 3806 a
1032 3753 1059 3806 la
1080 3752 1179 3807 liberte
1196 3752 1232 3806 de
1253 3751 1314 3806 leur
1336 3750 1505 3806 conscience

246 3840 275 3884 et
288 3830 342 3883 ala
355 3831 519 3900 possession
533 3832 584 3885 des
596 3834 738 3900 garanties
752 3832 788 3886 de
801 3842 874 3886 cette
886 3832 993 3896 liberte,
1000 3833 1046 3902 qui
1061 3832 1119 3887 leur
1130 3842 1179 3886 ont
1192 3831 1274 3885 conte
1288 3831 1348 3885 leur
1360 3846 1392 3884 or
1401 3841 1429 3885 et
1443 3831 1505 3885 leur

247 3927 354 3978 sang...
368 3912 446 3964 Tous
459 3927 507 3964 ces
519 3924 757 3980 gouvernements
771 3924 819 3966 ont
834 3913 859 3965 le
872 3911 964 3965 meme
977 3913 1090 3965 devoir:
1103 3911 1173 3965 celui
1188 3912 1224 3964 de
1236 3912 1305 3965 faire
1319 3911 1394 3964 leurs
1407 3909 1505 3964 efforts

248 4006 320 4060 pour
332 3990 521 4059 sauvegarder
534 3990 574 4043 les
587 3991 678 4045 droits
691 3992 727 4044 de
738 3992 811 4046 leurs
832 3990 919 4061 sujets
933 3991 1111 4061 catholiques
1124 3991 1142 4044 a
1154 3989 1388 4060 l'independance
1400 3990 1435 4042 de
1447 3989 1507 4042 leur

248 4068 317 4123 chef
321 4068 457 4138 spiritum,
467 4081 495 4123 et
509 4085 560 4138 par
569 4071 746 4141 consequent
759 4071 813 4125 ala
827 4070 992 4140 possession
1007 4070 1148 4141 pacifique
1161 4072 1212 4124 des
1224 4068 1368 4138 garanties
1382 4068 1418 4122 de
1431 4077 1506 4122 cette

249 4147 465 4216 independance
478 4164 532 4217 que
545 4149 572 4202 la
583 4149 744 4204 catholicite
758 4151 823 4205 s’est
840 4150 971 4220 acquises
984 4167 1035 4220 par
1048 4149 1075 4202 la
1085 4148 1281 4204 souverainete
1289 4148 1327 4202 du
1342 4148 1418 4217 Pape
1431 4147 1505 4201 dans

250 4227 290 4280 les
305 4227 387 4280 Etats
399 4226 436 4280 de
446 4213 569 4296 l'liglise.
583 4227 598 4256 '⁸
612 4230 677 4298 (Ep.
693 4243 726 4295 27
740 4247 803 4284 nov.
821 4229 908 4297 1870.)

288 4305 323 4358 Et
339 4305 373 4358 D.
386 4304 499 4360 Laioret
511 4325 517 4360 ι
531 4304 548 4334 “
562 4307 602 4361 Ce
616 4309 685 4362 n'est
704 4325 754 4377 pas
768 4308 926 4363 seulement
938 4324 974 4362 un
988 4308 1071 4374 droit,
1092 4308 1160 4362 c’cst
1179 4325 1219 4361 un
1234 4307 1334 4361 metr
1344 4305 1506 4375 impln'eux

252 4400 322 4452 pour
335 4395 398 4438 tous
420 4386 461 4439 les
474 4398 714 4454 gouvernements
727 4386 774 4458 qui
796 4397 847 4442 ont
860 4388 911 4442 des
930 4388 1018 4457 sujets
1041 4387 1218 4458 catholiques
1240 4385 1421 4441 d'intervenir
1433 4400 1507 4454 pour

252 4473 353 4519 mettre
373 4463 409 4517 fin
432 4481 486 4519 aux
500 4465 643 4520 violences
661 4467 697 4521 de
719 4467 829 4534 l‘ltaiie,
849 4477 876 4521 et
890 4484 961 4537 pour
974 4468 1107 4521 restituet
1124 4483 1161 4520 au
1183 4466 1250 4521 chel
1268 4465 1305 4520 de
1325 4453 1440 4532 l’Iiglise
1454 4462 1508 4517 des

253 4527 336 4596 Etats
349 4543 396 4612 qui
408 4559 479 4598 nous
490 4545 708 4614 appartiennent
721 4558 749 4611 et
762 4547 808 4617 qui
821 4557 884 4600 sont
897 4547 924 4600 la
938 4545 1067 4615 garantie
1081 4546 1116 4600 de
1131 4546 1157 4600 la
1166 4545 1265 4600 liberte
1274 4546 1311 4599 de
1325 4560 1378 4597 nos
1391 4543 1508 4596 amesll

251 4620 310 4674 laut
324 4622 385 4676 dire
408 4623 492 4692 qu’ici
515 4625 540 4678 le
553 4623 651 4678 devoir
669 4636 697 4678 et
720 4626 745 4680 le
759 4625 832 4679 droit
843 4635 907 4679 sont
922 4625 1124 4694 inseparables.
1144 4625 1244 4694 Quelle
1254 4634 1297 4679 est
1310 4624 1337 4677 la
1352 4621 1507 4692 principale

253 4699 349 4754 raison
362 4701 449 4756 d’etre
459 4702 510 4756 des
520 4703 851 4773 gouv·ernements,sinon
862 4704 896 4758 de
910 4704 1063 4758 mnintenir
1074 4704 1174 4757 l'ordre
1190 4704 1284 4773 public
1292 4714 1318 4759 et
1330 4702 1366 4755 de
1378 4716 1511 4770 procurer

306 4819 365 4870 Papo
378 4819 405 4861 sit
419 4835 456 4861 rex
471 4821 553 4862 Rom.
