3496 5482
602 533 725 584 CAPUT
751 532 932 582 DECIMUM
959 532 1146 582 TERTIUM.
1436 532 1506 603 293

248 638 503 647 --.—-——-—

247 709 383 789 praeter
410 688 577 763 omnium
604 689 897 765 destructionem
916 690 1144 764 constituere
1167 704 1320 786 quaerat,
1344 689 1506 764 Romam

247 837 323 907 prae
341 809 458 884 altera
487 808 648 883 factione
681 807 941 883 vehementius
968 806 1191 905 concupivit,
1215 806 1507 906 Romanumque

250 926 478 1012 Pontificem,
495 943 625 1024 utpote
645 925 785 1000 Christi
800 924 988 998 Vicarium
1003 944 1041 999 et
1059 944 1210 1000 aeternae
1224 925 1381 1023 justitiae
1401 925 1506 999 mini-

246 1061 374 1131 strum,
394 1045 561 1118 satanico
575 1062 687 1141 atque
707 1061 888 1140 perpetuo
906 1043 994 1117 odio
1014 1043 1251 1141 prosequitur
1269 1039 1327 1142 (¹).

298 1162 360 1235 En
392 1187 549 1260 quorum
578 1161 825 1258 aspirationes
854 1159 1029 1258 equidem
1068 1158 1282 1259 hypocritas
1313 1160 1506 1236 exaudivit

245 1280 495 1355 massonicum
514 1280 737 1379 gubernium
765 1277 1002 1375 subalpinum
1033 1279 1069 1352 in
1099 1278 1346 1377 occupatione
1376 1279 1503 1356 Urbis.

164 1436 172 1447 ·
249 1399 381 1496 Longe
400 1398 520 1495 major
537 1416 575 1473 et
594 1398 719 1473 sanior
738 1396 916 1470 Italorum
935 1421 1021 1493 pars
1041 1395 1151 1471 falsas
1169 1412 1208 1471 et
1228 1397 1382 1471 nocivas
1408 1398 1505 1496 aspi·

245 1516 407 1590 rationes
426 1515 516 1590 istas
536 1515 686 1613 respuit.

292 1645 330 1708 4.
352 1633 505 1728 Quanto
524 1631 637 1732 igitur
654 1629 818 1729 periculo
837 1630 911 1704 sint
937 1629 1108 1730 regimini
1123 1631 1256 1706 actuali
1277 1631 1435 1731 pacique
1449 1651 1504 1709 to·

244 1751 315 1825 tius
347 1750 464 1825 ltaliae
483 1747 712 1845 impossibile
731 1767 788 1823 est
806 1748 919 1822 dictu.

294 1867 454 1942 Mazzini
469 1869 531 1966 qui
546 1867 613 1941 Pio
628 1866 682 1941 Vl
694 1867 729 1940 ll
748 1885 785 1940 et
805 1867 991 1965 Gregorio
1005 1866 1098 1940 XVI
1115 1867 1504 1970 regnantibus(1829·
1533 1872 1535 1877 ’

247 1985 358 2086 1846)
376 1986 623 2069 sodalitatem,
644 1984 702 2058 cui
724 2009 860 2059 nomen
884 1983 990 2058 ltalia
1008 1984 1319 2080 Junior,instituit
1338 2005 1376 2063 et
1398 1987 1504 2087 cujus

241 2104 440 2202 adagium:
468 2103 574 2177 Deus
592 2128 635 2176 ac
655 2100 835 2198 populus!
854 2102 959 2199 quasi
987 2101 1083 2176 inter
1109 2129 1323 2200 supremum
1348 2107 1501 2182 Numen

242 2248 284 2295 ac
310 2220 457 2318 plebem
486 2219 607 2294 nullus
636 2218 883 2293 intercederet
912 2218 1096 2292 mediator
1123 2246 1191 2295 nec
1215 2222 1413 2321 religiosus
1433 2248 1500 2298 nec

244 2340 424 2436 politicus,
462 2340 621 2437 primum
658 2338 783 2411 sonuit
826 2335 1045 2423 classicum;
1094 2337 1315 2439 Italiamque
1352 2341 1500 2417 nonnisi

245 2457 529 2555 Rempublicam
544 2457 622 2531 fore
638 2455 889 2552 proclamavit.
899 2454 1118 2529 Carbonarii
1134 2474 1259 2532 tamen
1273 2476 1310 2533 et
1322 2457 1500 2557 coryphei

243 2575 439 2650 massonici
463 2586 481 2614 ‘⁴
497 2573 749 2649 Altae-Venta
764 2573 781 2598 ”
807 2590 951 2646 tantum
975 2570 1093 2646 zelum
1119 2593 1388 2672 praeposterum
1401 2575 1501 2676 judi·

242 2713 380 2779 cantes,
403 2692 555 2780 interea,
576 2690 811 2766 monarchias
842 2689 1164 2765 constitutionales
1195 2690 1294 2768 solas
1325 2714 1501 2793 opportu-

243 2837 309 2884 nas
340 2810 632 2895 aestimaverunt,
656 2808 773 2907 iisque
798 2807 1034 2882 elaborandis
1065 2835 1131 2906 per
1157 2827 1275 2885 totam
1304 2813 1497 2910 Europam

242 2928 329 3002 totis
348 2928 489 3001 viribus
509 2926 756 3001 incubuerunt
774 2924 828 3024 (²).
844 2925 945 3020 Quid
959 2925 1090 3000 mirum
1107 2927 1122 3002 ?
1139 2928 1280 3004 Nonne
1301 2929 1501 3005 Massones

241 3073 262 3118 a
281 3045 393 3141 priori
412 3045 615 3120 abhorrent
647 3046 814 3144 regimen
829 3044 1136 3132 ·monarchicum,
1154 3046 1281 3120 odium
1305 3045 1433 3123 sovent
1461 3048 1497 3122 in

246 3161 435 3259 Principes
453 3180 491 3236 et
513 3164 638 3261 Reges
658 3161 827 3235 absoluta
847 3178 1033 3258 potestate
1061 3163 1237 3260 praeditos
1264 3165 1360 3240 adeo
1379 3184 1419 3240 ut
1445 3164 1499 3238 in·

242 3279 346 3353 hient
364 3279 564 3376 aequatirari
585 3278 745 3376 politicae
763 3304 875 3376 quam
888 3277 1168 3374 perfectissimae
1188 3279 1360 3357 nimirum
1381 3281 1500 3380 reipu-

242 3397 347 3471 blicae
367 3422 605 3493 summopere
623 3395 883 3470 democraticae
902 3395 977 3495 (3).Ρ

295 3515 480 3615 Regimen
512 3513 656 3589 actuale
675 3540 750 3587 non
769 3514 927 3588 habetur
945 3539 1036 3613 ergo
1056 3514 1125 3589 nisi
1144 3515 1240 3591 sicut
1264 3517 1422 3605 interim,
1452 3545 1500 3594 ne

241 3633 448 3708 diffidentia
461 3631 660 3732 evigiletur
677 3634 824 3731 Regum
837 3649 875 3706 et
890 3632 1101 3730 Principum
1124 3632 1300 3733 Europae,
1314 3636 1384 3710 sub
1407 3662 1499 3735 quo·

243 3780 322 3827 rum
343 3753 473 3826 umbra
491 3771 528 3826 et
546 3751 721 3849 auspiciis
740 3749 906 3825 malefica
920 3770 1023 3826 secta
1041 3778 1109 3825 sua
1122 3751 1262 3826 nefaria
1279 3750 1434 3826 consilia
1452 3751 1500 3824 ad

244 3889 427 3944 maturum
441 3870 582 3944 exitum
603 3870 806 3966 perducere
824 3869 959 3944 studet.
1070 3891 1074 3902 ·

293 3987 381 4083 Quo
410 3987 510 4061 enim
542 3987 701 4062 tendunt
736 3986 808 4061 illae
838 3987 1082 4085 aspirationes
1110 3987 1414 4074 anarchistarunr,
1437 3985 1501 4084 qui

245 4106 438 4181 Giordano
456 4107 582 4179 Bruno
601 4124 761 4179 statuam
778 4105 922 4203 erigere
941 4107 1145 4204 cupientes,
1167 4105 1270 4203 prius
1284 4104 1332 4178 ab
1346 4105 1502 4179 auctori·

245 4244 321 4300 tate
342 4223 553 4322 municipali
585 4225 719 4299 Romae
745 4223 881 4320 repulsi
910 4244 1007 4311 sunt,
1030 4243 1087 4299 ast
1115 4225 1252 4322 quibus
1278 4223 1503 4324 gubernium

247 4368 320 4416 non
347 4368 478 4416 ausum
499 4358 555 4417 est
575 4341 782 4418 resistere?
809 4342 897 4437 Quo
915 4342 1057 4417 ducunt
1083 4343 1309 4442 agitationes
1327 4359 1365 4417 et
1389 4341 1502 4416 mani·

249 4475 313 4563 *R
325 4475 471 4576 ffianzini,
487 4509 559 4562 Acta
570 4510 599 4563 S.
615 4511 703 4577 Sedis,
716 4521 736 4565 t.
750 4511 802 4576 Vl,
822 4528 848 4580 p.
862 4523 921 4579 251.

283 4603 306 4642 2.
319 4590 434 4656 Danas,
448 4589 525 4642 Hist.
541 4589 574 4642 dc
584 4573 684 4660 t’Egl„
699 4589 753 4645 vol.
766 4604 809 4658 40,
823 4607 849 4660 p.
865 4592 915 4658 362
929 4607 991 4661 sqq.

284 4668 493 4740 awmm
