3496 5482
319 589 357 638 1V
842 585 1053 630 proclianum.

370 760 389 787 “
409 747 624 820 Admodum
635 747 769 841 grauis
787 754 838 817 est
867 745 936 817 illa
958 746 1092 818 Felicis
1110 747 1193 831 ΙΙΙ,
1215 748 1407 819 decessoris
1425 747 1572 832 Nostri,

315 866 496 940 sententio
510 892 522 936 .·
543 865 668 949 Error,
690 863 746 936 cui
768 888 841 936 non
869 862 1060 946 resistitur,
1082 863 1310 960 approbatur
1327 892 1335 950 ;
1354 883 1392 938 et
1424 864 1572 949 veritas,

316 1010 412 1082 quae
432 1009 506 1056 non
534 981 758 1065 defensatur,
779 979 1000 1076 opprimitur
1018 977 1073 1079 (¹)
1095 981 1113 1007 ”

368 1102 461 1191 Quo
503 1100 611 1172 uerba
654 1098 924 1193 insufficientia
955 1124 1040 1171 ruere
1069 1099 1238 1171 animum
1267 1100 1519 1184 addiderunt,·
1542 1111 1576 1174 et

274 1316 277 1321 Ι
306 1218 494 1316 proposui,
520 1217 761 1314 promodulo
789 1241 873 1295 meo,
905 1242 979 1289 non
1013 1242 1102 1289 sane
1132 1206 1296 1291 doctoris
1330 1217 1419 1291 mihi
1449 1239 1574 1315 partes

315 1362 517 1423 assumere,
538 1336 616 1421 sed,
637 1361 681 1408 ea
699 1361 784 1433 quae
802 1337 882 1433 ipse
900 1335 1118 1432 acceperim,
1141 1335 1332 1433 impertire
1351 1336 1495 1411 ceteris

375 1457 489 1530 Volui
501 1481 639 1552 qnoque
657 1455 866 1530 resistendo
884 1455 998 1530 errori
1014 1481 1098 1528 eum
1113 1481 1187 1530 non
1205 1455 1423 1553 approbare.
1445 1457 1577 1530 Error

315 1586 437 1647 autem
461 1574 526 1646 ille
541 1583 594 1647 est
619 1573 864 1669 quorumdam
888 1574 963 1670 qui,
984 1576 1151 1670 quamuis
1160 1573 1227 1670 pti
1241 1574 1317 1647 sint
1333 1583 1368 1646 et
1385 1575 1489 1658 docti,
1509 1601 1572 1647 on·

315 1707 462 1771 tremant
480 1698 623 1769 civilem
641 1697 781 1770 snnmri
794 1696 990 1795 Pontificis
1015 1697 1281 1792 Principatune
1309 1697 1472 1794 periisse
1499 1698 1577 1770 sine

315 1817 395 1890 nlla
413 1826 473 1912 spe
491 1816 780 1888 resurrecturis.
803 1857 852 1869 -
870 1814 995 1887 Multi
1017 1816 1126 1898 enirn,
1146 1816 1258 1887 ettam
1288 1816 1388 1887 inter
1413 1815 1574 1888 socerdo-

314 1944 376 2017 tes,
406 1936 443 2007 si
468 1960 540 2008 non
568 1936 646 2007 alta
677 1961 764 2020 voce,
790 1937 919 2007 saltem
945 1935 1050 2009 iutro
1078 1959 1115 2006 se
1145 1936 1283 2022 dicunt,
1309 1961 1390 2008 curn
1419 1936 1576 2033 quactum

305 2054 507 2150 publecista
518 2052 623 2149 gallo
637 2082 649 2123 .·
675 2062 695 2089 ‘⁴
714 2052 838 2124 Entre
855 2062 970 2125 tontes
989 2053 1040 2125 les
1056 2053 1234 2127 solutions
1264 2053 1308 2125 de
1338 2053 1376 2126 la
1411 2055 1575 2151 question

315 2171 505 2254 Romaim,
533 2170 567 2241 il
579 2196 623 2242 en
636 2179 689 2242 est
708 2195 779 2242 une
797 2197 864 2266 que
882 2196 973 2244 nous
996 2171 1126 2244 cleoons
1138 2171 1296 2245 rt'aborel
1303 2180 1454 2257 tcarter,
1461 2183 1576 2270 parce

316 2290 410 2388 qu'il
433 2315 525 2364 nous
550 2289 761 2363 semblerac't
783 2300 857 2386 peu
888 2290 998 2386 degne
1027 2290 1070 2361 de
1100 2315 1164 2363 nos
1197 2292 1350 2364 lectenrs
1373 2291 1416 2363 a'e
1436 2315 1576 2387 nonsy

315 2409 471 2481 orrttcr.
496 2408 535 2480 C
537 2417 590 2480 est
607 2408 645 2479 lo
663 2407 909 2481 restauration
935 2408 983 2481 du
1008 2409 1166 2506 pouvoir
1201 2408 1382 2505 temporel
1407 2408 1469 2481 cles
1498 2408 1572 2480 Pa-

307 2536 384 2622 pes,
405 2528 448 2599 cle
478 2526 503 2598 l
505 2527 679 2599 ancienne
707 2525 916 2599 monarchia
932 2525 1156 2623 pontificale,
1184 2552 1265 2600 sous
1288 2528 1440 2623 quelque
1446 2526 1575 2623 sorore

315 2651 350 2716 et
365 2644 457 2718 dans
473 2644 642 2741 quelques
657 2644 795 2717 linu'tes
811 2670 879 2740 que
896 2671 932 2716 ce
948 2645 1028 2718 soit.
1049 2644 1077 2715 l
1074 2645 1093 2716 l
1105 2652 1157 2716 est
1166 2645 1312 2739 permis
1329 2644 1410 2716 cleu
1439 2653 1572 2741 regret·

315 2771 374 2834 ter
398 2764 437 2834 la
468 2761 681 2847 aurelaten
709 2771 878 2835 rnontrer
904 2762 942 2834 la
969 2763 1095 2834 raison
1113 2762 1226 2834 dttre
1246 2771 1281 2834 et
1307 2761 1357 2835 les
1377 2771 1574 2859 aoorztages

315 2883 407 2955 dores
427 2884 460 2954 le
470 2890 582 2978 passt
592 2913 605 2963 ,·
621 2883 655 2953 il
670 2883 758 2954 n'est
767 2893 842 2977 pas
859 2883 1006 2954 strienr
1021 2882 1104 2953 cleu
1122 2882 1283 2954 discolor
1311 2883 1343 2953 le
1371 2881 1573 2955 rttablisse·

316 3008 422 3072 rorent.
446 2999 549 3072 Cerere
574 2999 642 3095 qni
666 2999 914 3072 s'obstiuentu
940 2999 965 3070 l
967 3008 1120 3096 esptrer,
1140 3026 1176 3071 se
1194 2999 1344 3096 placent
1370 3026 1414 3071 en
1444 2999 1574 3072 tleleors

314 3118 374 3189 cles
386 3117 598 3213 prtoisions
617 3118 811 3190 lcnruoines
828 3126 862 3189 et
881 3118 930 3189 clu
951 3142 1055 3190 cours
1084 3117 1237 3189 rratnrel
1256 3117 1434 3213 dessaits.
1460 3117 1509 3190 Ce
1531 3144 1575 3188 ne

314 3247 395 3310 sont
405 3238 494 3332 plns
512 3237 571 3309 des
584 3237 789 3333 politiones,
811 3239 905 3310 mois
922 3239 983 3311 cles
1000 3239 1193 3334 nmstiques
1218 3236 1273 3335 (²).
1300 3238 1318 3263 ”

374 3355 490 3426 Venia
518 3355 650 3427 trorum
681 3356 1000 3440 contradictorum,
1033 3381 1103 3428 non
1141 3381 1269 3429 snmus
1284 3356 1435 3452 politici
1462 3381 1574 3452 neque

316 3473 468 3570 mystici,
490 3473 707 3546 sedtantnm
739 3473 997 3572 christifideles
1004 3473 1181 3569 firmiter
1196 3473 1376 3546 credentes
1398 3473 1439 3546 in
1457 3473 1498 3546 E
1499 3500 1570 3558 reru,

315 3596 382 3686 qui
406 3591 446 3662 E
448 3592 614 3665 celeseum
644 3617 750 3663 snam
768 3591 952 3665 stabilivit
970 3617 1041 3663 non
1065 3592 1425 3689 superpruoisrones
1444 3591 1572 3665 unma-

316 3734 381 3780 nos
399 3719 465 3781 out
483 3710 693 3783 naturalem
712 3735 860 3782 cursum
890 3735 1027 3789 reruni,
1052 3709 1118 3781 secl
1137 3723 1253 3808 supra
1261 3720 1427 3807 petram,
1445 3719 1574 3783 contra

315 3852 427 3921 qccam
445 3829 620 3922 potentia
651 3827 857 3924 infhrnoles
887 3853 958 3899 non
981 3828 1246 3922 prevalebunt,
1266 3838 1302 3900 et
1323 3829 1390 3926 qui
1415 3829 1573 3925 seipsum

315 3973 397 4018 crmc
410 3948 577 4019 Ecclesia
594 3973 660 4020 sna
673 3974 891 4020 mansurum
901 3945 1090 4043 promisit,
1117 3948 1283 4021 omnibus
1310 3947 1441 4031 diebus,
1463 3974 1574 4045 usque

315 4065 369 4138 acl
380 4067 724 4139 consummationem
741 4067 874 4138 soeculi.

370 4184 605 4279 Qccapropter
628 4185 814 4280 sequeutia
839 4196 980 4281 proruta
1007 4194 1170 4258 tractore
1194 4187 1330 4273 uellem,
1355 4186 1572 4260 resmuanclo

307 4305 528 4399 plerumque
548 4301 733 4397 ipsissima
756 4303 1009 4377 Roncarcorune
1029 4305 1256 4401 Pontificum
1286 4307 1404 4385 verba.
1438 4332 1573 4379 necnon

315 4422 535 4518 optimorum
554 4419 801 4515 theologorum
828 4437 1058 4518 argumenta.

320 4575 636 4582 ——-—-—-—-.
643 4577 763 4582 —
779 4576 800 4581 -..
885 4576 933 4583 -,--
1298 4574 1569 4584 -———--.—-·

354 4649 373 4686 1.
395 4634 447 4703 Ep.
462 4633 498 4685 ad
514 4633 609 4703 Episc.
627 4634 689 4688 Ital.
705 4634 720 4686 8
735 4636 805 4689 Dec·
825 4636 898 4703 1892.

351 4735 374 4774 a.
394 4720 516 4774 Anatole
537 4720 776 4790 Leroy·Beaulieu
790 4722 866 4792 apud
877 4722 980 4793 Pteros,
994 4724 1022 4780 S.
1032 4725 1057 4794 J.
1071 4707 1189 4794 Etudes,
1203 4735 1221 4791 t.
1232 4725 1275 4796 65,
1288 4743 1352 4798 pag.
1370 4739 1427 4793 177.
