3496 5482
723 570 845 622 canus
872 569 1038 621 snxruu.
1269 569 1271 572 ’
1442 575 1509 648 135

252 737 272 767 ⁴⁸
292 746 493 816 vertantur,
504 727 574 802 hoc
588 746 646 803 est
665 730 701 801 in
720 727 1002 803 coniunctiones
1017 723 1208 804 instabiles
1222 749 1260 804 et
1275 731 1405 821 fluxas,
1418 750 1511 833 quas

254 857 274 885 ‘⁶
296 845 411 921 libido
429 846 672 946 conglutinet,
688 865 726 922 et
748 847 880 923 eadem
900 864 1042 922 mutata
1056 848 1249 923 dissolvat.

263 1050 265 1054 .
304 986 324 1013 ‘¹
345 974 503 1050 Summa
520 993 645 1050 autem
664 975 939 1072 conspiratione
952 975 1186 1050 voluntatum
1202 976 1286 1052 illuc
1300 978 1413 1053 etiam
1427 1007 1511 1080 spe·

251 1103 273 1132 “
292 1113 367 1170 ctat
398 1113 500 1170 secta
528 1095 761 1183 Massonum,
782 1115 822 1170 ut
841 1097 1112 1171 institutionem
1136 1098 1183 1171 ad
1211 1124 1253 1173 se
1279 1101 1397 1198 rapiat
1422 1085 1510 1179 ado·

251 1223 272 1250 ‘⁴
293 1211 522 1288 lescentium.
547 1212 702 1288 Mollem
732 1214 832 1287 enim
861 1232 900 1288 et
928 1213 1128 1288 flexibilem
1153 1234 1315 1290 aetatem
1341 1217 1446 1294 facile
1469 1246 1511 1295 se

252 1339 273 1369 “
293 1357 405 1428 posse
419 1332 585 1406 sentiunt
598 1332 777 1406 arbitratu
790 1358 858 1406 suo
871 1331 1164 1432 fingere‚et,quo
1176 1332 1303 1421 velint,
1319 1354 1509 1433 torquere:

251 1461 271 1488 ‘⁴
291 1476 411 1547 eaque
425 1476 464 1525 re
480 1450 568 1523 nihil
582 1476 665 1525 esse
677 1450 926 1548 opportunius
945 1450 993 1524 ad
1008 1450 1177 1526 sobolem
1197 1452 1345 1541 civium,
1359 1453 1509 1553 qualem

249 1568 357 1664 “ipsi
378 1569 613 1654 meditantur,
631 1567 742 1643 talem
763 1567 987 1665 reipublicae
1010 1570 1254 1645 educandam.

301 1706 319 1735 “
340 1697 527 1793 Quocirca
545 1699 581 1770 in
608 1697 831 1771 educatione
857 1696 1101 1794 doctrinaque
1133 1697 1262 1795 puerili
1295 1699 1414 1774 nullas
1438 1702 1508 1776 Ec·

248 1824 269 1852 ⁴‘
289 1814 424 1891 clesiae
443 1816 621 1890 ministris
641 1841 708 1890 nec
727 1815 931 1914 magisterii
951 1840 1019 1889 nec
1044 1815 1259 1915 vigilantiae
1278 1817 1406 1892 sinunt
1424 1813 1508 1894 esse

248 1945 266 1974 ‘⁴
289 1957 436 2034 partes:
456 1937 696 2035 pluribusque
715 1937 787 2010 iarn
816 1935 906 2010 Iocis
933 1936 1121 2010 consecuti
1141 1955 1238 2023 sunt,
1260 1957 1298 2010 ut
1318 1938 1440 2013 omnis
1458 1938 1506 2012 sit

249 2182 268 2212 ‘¹
291 2199 413 2248 mores
433 2174 688 2249 informandos
707 2172 796 2247 nihil
815 2172 1064 2247 admisceatur
1076 2173 1123 2261 de
1139 2173 1192 2259 iis,
1205 2198 1301 2271 quae
1317 2174 1505 2249 hominem

247 2304 267 2333 ‘⁴
291 2293 450 2393 iungunt
469 2295 564 2381 De0,
586 2294 801 2393 permagnis
819 2283 1138 2390 sanctissimisque
1156 2294 1297 2369 officiis.
1319 2294 1337 2321 ''

296 2421 348 2496 Et
366 2422 552 2519 encyclica
570 2448 638 2495 sua
655 2421 702 2494 ad
726 2422 935 2517 Episcopos
959 2419 1076 2494 Italiae
1107 2421 1154 2517 de
1173 2421 1234 2496 die
1266 2444 1306 2516 15
1328 2422 1506 2497 Octobris

248 2544 352 2632 1890,
373 2542 568 2616 denuntiat
590 2543 671 2616 Leo
691 2543 794 2615 XIII
814 2542 1067 2615 Massonicam
1090 2561 1241 2627 sectam,
1263 2560 1393 2639 utpote
1419 2569 1504 2640 quae

241 2659 320 2733 vuIt
339 2670 359 2698 “
379 2660 655 2757 Cuiuscumque
675 2659 870 2758 religiosae
888 2660 1141 2734 instructionis
1163 2659 1311 2734 scholas
1339 2661 1501 2748 abolere,

243 2801 285 2850 ac
305 2803 402 2852 nova
426 2779 601 2852 Instituta
615 2779 770 2877 erigere,
784 2778 821 2851 in
836 2777 972 2874 quibus
987 2777 1046 2851 veI
1066 2779 1145 2875 ipsa
1153 2779 1322 2876 feminea
1335 2781 1503 2852 iuventus

242 2896 290 2969 ab
308 2899 440 2995 quavis
459 2897 546 2973 cleri
565 2898 784 2973 auctoritate
803 2899 952 2996 penitus
971 2899 1163 2972 eximatur.
1186 2899 1202 2926 ’¹

295 3039 346 3100 19.
369 3025 417 3099 D.
440 3024 582 3120 Quoto
601 3048 933 3099 oussennnrronnn
957 3027 1211 3105 RsrthnmcAE.
1245 3025 1503 3125 “Sequuntur

245 3153 265 3181 ‘⁶
285 3143 403 3217 civilis
422 3144 571 3218 decreta
590 3144 818 3239 prudentiae.
835 3143 923 3240 Quo
943 3144 978 3217 in
998 3170 1139 3244 genere
1153 3162 1322 3218 statuunt
1340 3144 1500 3218 Natura·

246 3273 266 3301 ‘⁴
286 3262 417 3338 Iistae:

294 3381 350 3482 (ι)
371 3395 391 3422 ·‘
414 3383 600 3457 Homines
620 3385 753 3458 eodem
773 3409 856 3458 esse
876 3384 953 3456 iure
968 3408 1110 3468 omnes,
1127 3401 1164 3456 et
1179 3407 1298 3479 aequa
1312 3408 1355 3456 ac
1369 3383 1448 3481 pari
1464 3382 1500 3480 in

243 3510 262 3539 ‘¹
282 3527 413 3578 omnes
432 3521 557 3600 partes
576 3504 807 3591 conditione;
826 3528 1131 3600 unumquemque
1150 3528 1234 3578 esse
1262 3521 1393 3577 natura
1411 3501 1500 3577 Iibe-

243 3629 263 3656 “
284 3644 387 3694 rum:
415 3620 621 3717 imperandi
641 3620 745 3695 alteri
775 3622 831 3695 ius
862 3621 1000 3695 habere
1020 3620 1227 3706 neminem;
1246 3619 1343 3696 velle
1361 3638 1499 3722 autent,

244 3746 263 3774 ‘⁸
284 3756 324 3811 ut
342 3736 513 3812 homines
532 3739 750 3836 cuiusquam
775 3739 985 3812 auctoritati
1014 3756 1178 3835 pareant,
1208 3738 1359 3812 aliunde
1386 3763 1500 3839 quarn

244 3865 262 3892 ‘⁴
283 3881 330 3928 ex
349 3856 438 3953 ipsis
456 3857 658 3953 quaesitae,
681 3857 717 3931 id
737 3857 889 3954 quidem
909 3882 992 3930 esse
1011 3857 1086 3931 vim
1107 3856 1254 3930 inferre.
1320 3868 1322 3873 ’

291 3980 347 4081 (2)
369 3992 389 4021 ‘¹
411 3982 550 4057 Omnia
569 3983 682 4082 igitur
701 3983 737 4055 in
764 3981 881 4057 libero
904 3981 1044 4079 populo
1062 4007 1162 4068 esse;
1182 3982 1377 4079 imperium
1397 3981 1499 4054 iussu

241 4109 261 4137 “
281 4099 340 4174 vel
359 4125 540 4175 concessu
559 4099 685 4198 populi
705 4101 833 4183 teneri,
852 4102 902 4174 ita
917 4101 1078 4196 quidem,
1096 4118 1135 4173 ut
1151 4118 1292 4174 mutata
1305 4098 1499 4173 voluntate

242 4228 262 4255 “
283 4217 463 4314 populari,
488 4219 679 4315 Principes
698 4219 745 4292 de
764 4219 883 4316 gradu
902 4218 1011 4292 deiici
1031 4219 1088 4293 vel
1110 4219 1247 4292 invitos
1266 4217 1385 4292 liceat.

290 4345 347 4447 (3)
369 4358 388 4385 “
410 4348 572 4421 Fontem
599 4347 765 4421 omnium
793 4348 927 4422 iurium
956 4347 1238 4446 officiorumque
1257 4345 1418 4420 civilium
1436 4344 1496 4419 vel

242 4475 262 4504 “
283 4465 319 4537 in
333 4463 567 4540 multitudine
580 4465 713 4552 inesse,
728 4464 787 4539 vel
800 4466 836 4538 in
850 4483 1036 4562 potestate
1048 4466 1283 4564 gubernante
1295 4463 1495 4549 civitatem,

241 4592 262 4622 “
281 4608 399 4679 eaque
418 4583 630 4657 novissimis
651 4582 848 4656 informata
865 4582 1080 4680 disciplinis.

290 4700 346 4801 (4)
369 4714 389 4741 “
412 4704 609 4778 Praeterea
640 4704 789 4779 atheam
819 4730 903 4780 esse
934 4701 1200 4800 rempublicam
1229 4717 1426 4798 oportere;
1460 4699 1497 4774 in
