3496 5482
754 429 927 435 -....-.----
951 428 1163 435 -—--.-----.
1181 428 1268 433 --.-.
1293 429 1389 434 .-.--..
1413 429 1427 433 .-
1443 430 1500 436 --..

243 483 315 570 356
652 493 744 544 rnna
772 493 831 543 s1r
860 491 934 541 nux
964 491 1089 542 noua.

595 597 742 607 “—
789 595 991 602 ----—--—-—
1002 594 1137 600 ——-————-
1150 595 1222 600 —-
1234 596 1246 601 0
1306 597 1324 600 -
1364 591 1499 601 ——---—-

240 676 369 757 ageret
392 656 509 730 ltaliae
528 678 628 728 verae
641 669 755 748 atque
768 648 971 725 catholicae.
990 648 1227 744 Quibusdam
1243 651 1331 724 olim
1346 669 1504 726 conten·

241 777 415 851 dentibus
433 797 584 847 omnem
605 769 899 869 negotiationem
917 767 1096 842 directam
1113 767 1210 843 inter
1223 768 1446 843 Vaticanum
1462 787 1503 844 et

243 892 436 990 Quirinale
451 917 534 965 esse
550 885 1074 986 impossibilem,occasionem
1091 911 1241 985 quoque
1257 906 1380 963 nactat
1395 887 1503 985 Apo·

241 1012 416 1087 theoseos
431 1008 565 1105 impiae,
581 1006 729 1103 scripsit
744 1005 931 1079 Sanctitas
947 1004 1024 1078 Sua
1039 1005 1099 1079 die
1112 1008 1134 1078 8
1147 1005 1325 1081 Octobris
1342 1008 1435 1101 1895
1452 1005 1501 1079 ad

241 1127 479 1206 Cardinalem
503 1122 699 1221 Rampolla
726 1123 916 1220 praecitata
931 1123 1008 1221 jam
1030 1123 1170 1197 verba:
1190 1134 1210 1161 ‘¹
1232 1122 1346 1218 Quod
1367 1124 1499 1223 magis,

241 1247 370 1346 inquit,
395 1246 478 1319 Nos
503 1260 716 1319 commovet
734 1259 773 1316 et
797 1240 901 1339 angit
919 1259 1023 1316 est...
1046 1241 1203 1316 evidens
1221 1241 1335 1315 animi
1364 1266 1500 1339 propo·

240 1365 352 1439 situm
388 1380 571 1462 perpetuo
589 1359 802 1434 conflictum
830 1358 1091 1457 prosequendi,
1112 1359 1367 1458 potiusquam
1387 1358 1502 1434 amrie

242 1480 506 1580 componendi.
527 1479 546 1505 ”

250 1659 254 1663 ,
293 1601 441 1697 Quibus
473 1600 553 1673 haee
584 1598 713 1672 addit:
744 1597 990 1670 “Humanae
1020 1595 1171 1693 quidem
1205 1622 1263 1671 res
1294 1582 1501 1685 mutantur;

244 1721 310 1795 sed
331 1716 498 1793 benefica
517 1715 681 1814 supremi
703 1714 951 1813 Magistratus
970 1712 1210 1787 ecclesiastici
1225 1713 1344 1789 virtus
1360 1714 1504 1791 eCoelo

242 1854 310 1923 est,
330 1862 373 1910 ac
395 1860 545 1933 semper
568 1835 701 1908 eadem
719 1833 894 1930 persistit.
917 1832 957 1906 Si
976 1830 1116 1906 dociles
1138 1831 1260 1905 Nobis
1286 1858 1394 1909 aures
1418 1833 1502 1909 ltali

242 1955 474 2051 praeberent,
505 1971 619 2049 atque
637 1977 685 2024 ex
714 1951 824 2024 avitis
853 1949 1114 2024 traditionibus
1142 1968 1181 2024 et
1207 1976 1255 2024 ex
1274 1951 1504 2028 conscientia

243 2072 472 2171 propriarum
500 2069 684 2143 rationum
704 2068 778 2140 vim
799 2066 1039 2165 animumque
1064 2067 1264 2154 haurirent,
1287 2068 1503 2167 impositum

243 2189 314 2263 sibi
333 2214 355 2261 a
374 2186 626 2284 perduellibus
657 2185 787 2282 jugum
806 2183 1030 2269 excutiendi,
1053 2182 1304 2259 dulcissimam
1322 2212 1428 2285 spem
1454 2185 1517 2261 de.

245 2307 313 2380 hac
336 2305 459 2378 Nobis
478 2304 514 2377 in
533 2303 662 2402 primis
681 2302 816 2377 dilecta
840 2302 932 2377 Itala
952 2320 1049 2378 terra
1067 2304 1359 2402 conciperemus.
1380 2304 1399 2332 ’¹

296 2422 393 2518 Quae
423 2421 539 2496 verba
575 2420 859 2517 possibilitatem
896 2413 1153 2495 consensionis
1188 2423 1381 2519 cujusdam
1417 2447 1502 2496 cum

249 2540 356 2616 ltalia
373 2565 555 2614 conversa
572 2537 747 2612 videntur
774 2536 973 2624 includere,
1002 2558 1147 2636 aparte
1170 2538 1271 2614 illius
1300 2539 1421 2615 Patris
1438 2540 1504 2638 qui

246 2668 404 2734 testatur
421 2682 462 2732 se
490 2681 574 2731 esse
594 2668 615 2694 ‘¹
636 2656 776 2729 iniuriis
796 2654 998 2730 tolerandis
1020 2673 1057 2730 et
1085 2657 1219 2732 veniae
1246 2657 1353 2733 facile
1371 2683 1503 2733 conce·

245 2778 404 2865 dendae,
428 2778 514 2853 Deo
532 2777 734 2851 adiuvante
752 2795 973 2851 consuetum
995 2775 1048 2874 (¹).
1071 2777 1089 2804 ''

295 2911 329 2972 3.
366 2897 664 2975 lnantecessum
696 2893 895 2967 dicendum
928 2913 986 2969 est
1017 2912 1054 2968 et
1086 2913 1262 2993 tanquam
1282 2895 1503 2995 principium

246 3016 424 3090 continuo
444 3038 519 3109 prae
538 3011 654 3086 oculis
674 3012 898 3098 habendum,
922 3013 1137 3087 naturaliter
1161 3033 1376 3111 competere
1395 3016 1503 3090 Sum-

247 3160 308 3207 mo
330 3131 499 3205 Pontifici
527 3129 596 3203 soli
617 3129 784 3203 ultimum
807 3156 850 3202 ac
882 3129 1116 3205 definitivum
1136 3131 1233 3206 ferre
1254 3133 1437 3230 judicium
1467 3133 1504 3207 in

246 3251 470 3350 apponenda
488 3250 701 3324 conditione
721 3269 757 3323 et
773 3250 1013 3347 repartitione
1025 3253 1253 3350 assignanda
1270 3254 1368 3327 circa
1389 3253 1504 3327 Patri·

248 3371 412 3444 monium
433 3371 554 3467 ipsum
577 3370 617 3442 B.
643 3369 768 3442 Petri:
799 3370 989 3466 quodnam
1021 3373 1170 3459 scilicet,
1202 3375 1404 3471 quomod0,
1425 3375 1505 3472 qui·

247 3488 389 3584 busque
402 3487 471 3560 sub
486 3485 788 3583 stipulationibus
800 3507 948 3582 pactum
966 3489 1046 3563 iniri
1066 3491 1197 3565 deceat
1215 3492 1262 3564 ad
1282 3492 1504 3591 dignitatem

245 3630 288 3678 ac
307 3604 510 3701 plenariam
529 3605 622 3677 sacri
644 3605 806 3678 muneris
827 3605 882 3677 sui
903 3605 1111 3681 libertatern
1131 3611 1429 3684 assecurandam.

295 3723 378 3819 Jam
398 3747 518 3819 supra,
541 3739 579 3796 et
605 3722 711 3818 quasi
740 3748 806 3819 per
831 3739 1081 3811 transennam,
1103 3727 1261 3802 verbum
1280 3728 1434 3802 lecimus
1458 3729 1505 3802 de

247 3840 505 3936 componenda
524 3838 589 3914 lite
607 3866 654 3913 ex
673 3838 919 3915 soederatione
937 3844 1098 3938 quadam
1118 3844 1209 3917 inita
1228 3846 1323 3919 inter
1341 3844 1503 3943 reliquas

251 3959 368 4030 Italiae
388 3977 512 4054 partes
531 3958 579 4030 de
597 3956 695 4030 iacto
723 3959 845 4031 unitas
863 3984 905 4031 ac
929 3959 1071 4033 Urbem
1094 3961 1388 4060 Dominiumque
1410 3963 1505 4036 Pon·

247 4075 334 4149 tifici
354 4102 400 4149 ex
420 4077 591 4149 condicto
610 4077 888 4174 assignandum.
912 4078 1013 4172 Quid
1032 4099 1090 4154 est
1109 4081 1208 4154 enim
1236 4107 1300 4155 cur
1328 4108 1401 4155 non
1421 4108 1505 4179 pos·

246 4212 313 4278 set,
334 4194 470 4291 agnitis
490 4195 590 4289 prius
606 4220 750 4268 necnon
771 4195 946 4269 radicitus
975 4199 1279 4294 permanentibus
1301 4201 1448 4297 juribus
1467 4201 1505 4274 in

246 4312 407 4384 ditiones
425 4337 520 4397 suas,
543 4332 692 4408 pactum
712 4313 793 4385 iniri
813 4313 911 4386 inter
933 4315 1078 4388 ltaliam
1097 4336 1135 4390 et
1155 4317 1293 4391 Sedem
1314 4318 1505 4416 Apostoli-

246 4457 339 4517 cam,
360 4457 434 4529 quo
459 4432 583 4528 quoad
602 4432 705 4504 varia
723 4432 995 4507 commercialia
1013 4460 1055 4508 ac
1077 4436 1198 4509 civilia
1217 4456 1346 4511 mutuo
1364 4437 1506 4539 obliga·

286 4608 307 4688 l.
329 4631 431 4700 Prelot,
445 4634 464 4686 l.
477 4650 508 4703 c.,
523 4653 547 4704 p.
563 4647 623 4703 459.
