3496 5482
239 489 610 501 »Ἠ
631 490 642 494 -
727 489 802 493 --.
835 489 1048 496 --.-,-,..-...
1091 489 1172 496 ..-....

242 553 320 623 214
658 550 749 599 rann
777 548 836 598 sm
864 549 939 600 nex
970 550 1095 600 noun.

239 711 453 785 arbitrarias
470 735 554 785 esse
574 726 687 806 atque
708 731 834 806 vagas,
855 707 959 781 itaut
978 708 1115 782 exinde
1142 707 1290 806 publica
1323 708 1502 782 securitas

240 852 392 926 prorsus
410 828 664 906 labefactetur.

291 946 440 1022 Veritas
467 966 505 1022 et
527 947 673 1046 justitia
702 942 896 1044 postulant
924 963 964 1021 ut
996 972 1080 1021 curn
1103 946 1171 1021 Pio
1190 947 1247 1021 lX
1277 947 1502 1021 damnemus

241 1065 534 1161 propositionem
563 1064 660 1138 hanc
680 1064 782 1138 XIX
802 1063 967 1162 Syllabi:
987 1074 1008 1103 “
1023 1064 1091 1160 lus
1127 1065 1163 1138 in
1196 1063 1376 1139 materiali
1403 1063 1501 1139 lacto

240 1184 457 1260 consistit...
479 1204 516 1260 et
535 1184 660 1259 omnia
678 1184 842 1258 humana
857 1184 953 1257 lacta
968 1183 1062 1281 juris
1081 1184 1157 1257 vim
1176 1184 1358 1258 obtinent.
1381 1184 1397 1214 '’

294 1301 346 1376 Et
368 1328 553 1378 memores
589 1303 706 1376 simus
737 1302 931 1400 sapientiae
951 1301 1061 1400 hujus
1093 1302 1235 1399 antiqui
1272 1302 1500 1377 axiomatis:

231 1418 398 1521 Justti‘ia
415 1431 467 1495 est
470 1421 766 1518 fundamentum
782 1446 981 1517 regnorum
994 1451 1010 1504 ,·
1028 1445 1172 1494 necnon
1186 1421 1318 1494 horum
1339 1420 1501 1517 Spiritus

242 1536 371 1613 Sancti
382 1539 590 1614 dictorum:
612 1549 632 1578 ‘⁴
651 1538 802 1636 Justitia
833 1536 956 1612 elevat
983 1555 1136 1637 gentem
1159 1566 1166 1624 ;
1187 1539 1342 1613 miseros
1374 1555 1499 1613 autern

240 1653 327 1729 lacit
338 1655 497 1754 populos
508 1673 701 1754 peccatum
717 1653 791 1756 ’'(¹).
806 1665 882 1712 -“
900 1654 1057 1755 Diligite
1067 1654 1263 1754 justitiam,
1284 1656 1347 1753 qui
1356 1684 1370 1755 J
1377 1655 1500 1729 udica-

127 1822 130 1828 ·
241 1772 288 1847 tis
308 1792 444 1848 terram
466 1774 635 1873 ;justitia
653 1775 753 1848 enim
773 1792 954 1871 perpetua
973 1792 1030 1847 est
1048 1792 1085 1848 et
1111 1771 1330 1847 immortalis
1345 1771 1399 1873 (²).
1420 1773 1436 1803 ’¹

294 1903 347 1965 12.
363 1892 466 1987 Quid
486 1909 601 1967 restat
622 1892 734 1992 igitur
753 1891 962 1966 laciendum
983 1891 1019 1964 in
1040 1892 1175 1967 misera
1190 1891 1260 1965 hac
1278 1892 1500 1967 societatum

241 2009 456 2084 conditione
478 2035 590 2108 quarn
613 2010 758 2108 peperit
785 2009 959 2106 iniquitas
985 2008 1254 2107 spoliationis?
1273 2009 1501 2095 consistere,

243 2129 318 2203 imo
338 2130 543 2226 retrogredi
560 2155 713 2204 necesse
732 2150 790 2203 est
806 2129 873 2218 ;ad
893 2129 1011 2226 pedes
1022 2130 1145 2203 redire
1168 2129 1361 2203 Pontificis
1375 2148 1423 2215 et,
1437 2154 1500 2201 au·

243 2247 415 2321 ctoritate
426 2264 464 2321 et
475 2247 660 2346 dignitate
677 2273 761 2322 cum
775 2247 885 2345 plena
903 2247 1076 2322 libertate
1089 2247 1159 2345 ipsi
1175 2247 1499 2332 restitutisaduni-

243 2368 291 2443 tis
330 2370 468 2445 viribus
500 2388 613 2468 atque
645 2370 808 2444 consiliis
837 2369 1027 2445 debellare
1059 2389 1267 2444 monstrum
1301 2367 1499 2445 socialismi

243 2486 344 2584 quod
364 2489 552 2563 interitum
569 2488 717 2562 molitur
734 2489 908 2586 Europae.

268 2588 270 2594 ’
294 2605 455 2701 Oportet
474 2606 511 2679 in
531 2607 748 2680 memoriam
770 2632 946 2681 revocare
966 2606 1045 2680 haec
1059 2605 1174 2680 verba
1189 2605 1360 2679 Dei:“N
1368 2605 1411 2679 isi
1421 2606 1500 2680 Do·

245 2724 368 2798 minus
386 2724 625 2799 aedificaverit
637 2728 789 2800 domum
810 2727 846 2799 in
867 2752 1004 2799 vanum
1019 2725 1283 2800 laboraverunt
1305 2725 1367 2823 qui
1387 2725 1501 2800 aedifi·

242 2859 327 2917 cant
346 2868 428 2917 eam
448 2842 479 2931 '’;
499 2862 535 2918 et
554 2842 626 2917 alia
647 2844 702 2918 Pii
722 2844 780 2919 IX
801 2869 807 2914 :
825 2846 925 2942 quod
946 2871 1082 2943 nempe
1112 2845 1283 2919 homines
1311 2843 1501 2918 humanae·

242 2985 315 3058 que
328 2961 426 3034 vires
446 2961 605 3057 impares
625 2962 791 3037 existunt
809 2963 857 3036 ad
876 2963 1002 3037 firmas
1027 2948 1241 3061 solidasque
1273 2962 1501 3036 constituen-

241 3077 309 3151 das
328 3078 526 3152 societates
545 3104 629 3176 quae
647 3081 733 3154 Deo
751 3098 789 3155 et
809 3075 990 3180 religione
1014 3108 1104 3155 vera
1136 3106 1210 3156 non
1242 3081 1499 3156 inniterentur.

298 3196 447 3270 Interea
466 3198 646 3284 vero,nisi
665 3217 840 3296 prompta
875 3199 1059 3296 reparatio
1084 3198 1148 3273 fiat
1173 3216 1211 3273 et
1223 3197 1263 3273 S.
1279 3198 1399 3273 Sedes
1417 3222 1502 3294 quae

243 3312 355 3386 cardo
367 3332 424 3388 est
436 3330 474 3388 et
489 3333 657 3389 centrum
676 3317 897 3390 societatum
912 3317 948 3389 in
963 3316 1119 3413 pristina
1133 3316 1317 3414 dignitate
1332 3315 1502 3390 restitua-

244 3447 312 3516 tur,
334 3430 463 3506 indies
482 3452 651 3507 crescent
671 3434 775 3520 mala,
804 3460 871 3507 nec
890 3435 1080 3509 societatis
1107 3433 1263 3507 infirmae
1282 3434 1502 3507 restauratio

244 3548 320 3623 fiet.
340 3549 499 3627 Constat
530 3552 641 3640 enim,
662 3573 702 3627 ut
721 3553 977 3628 sanctissimus
995 3552 1182 3626 Dominus
1205 3576 1250 3644 24
1266 3551 1503 3648 Septembris

244 3667 332 3740 anni
351 3670 529 3764 praeteriti
550 3674 642 3767 1895
663 3688 892 3768 conquestus
911 3689 978 3756 est,
999 3670 1256 3743 “audaciores
1276 3668 1503 3743 evasisse—

245 3781 282 3855 in
306 3781 411 3856 ltalia
444 3809 510 3879 per
533 3785 649 3860 Urbis
685 3785 969 3883 acquisitionem
1002 3802 1039 3858 et
1068 3808 1230 3881 sequens
1265 3782 1501 3856 intervallum

246 3903 493 3999 temporis-
511 3905 678 4003 cujusvis
703 3905 854 4005 generis
879 3905 1103 4001 cupiditates
1121 3932 1128 3991 ;
1145 3928 1271 3977 eorum
1291 3902 1354 3999 qui
1373 3901 1501 3975 huma·

247 4043 313 4092 nas
340 4020 562 4119 divinasque
587 4023 690 4123 leges
722 4042 976 4109 contemnunt,
1003 4023 1170 4096 excrevit
1200 4044 1393 4093 numerum
1412 4047 1419 4105 ;
1438 4044 1502 4091 ex·

245 4154 383 4213 tremas
402 4139 511 4239 (quas
535 4141 688 4240 vocant)
708 4143 887 4216 factiones
925 4165 1080 4215 numero
1107 4166 1149 4214 ac
1177 4140 1213 4212 vi
1246 4155 1373 4212 auctas
1391 4160 1502 4223 esse;

244 4254 484 4354 furentesque
514 4259 721 4359 phalangas
745 4262 781 4334 in
807 4259 955 4334 civilem
981 4260 1149 4332 ordinem
1176 4275 1289 4354 atque
1325 4253 1501 4329 socialem

245 4373 410 4449 funditus
445 4378 691 4451 evertendum
731 4379 953 4476 conjuratas.
993 4420 1043 4432 -
1082 4377 1186 4451 lnter
1223 4392 1279 4449 tot
1319 4371 1500 4446 malorum

283 4632 304 4672 1.
319 4618 491 4686 Prov.,x1V.
507 4635 548 4688 34.

282 4712 305 4752 a.
318 4696 394 4766 Sap„
408 4709 427 4752 r.
444 4711 467 4765 1,
484 4713 523 4768 ¹5·
