3496 5482
688 572 690 576 >
709 544 832 595 CAPUT
859 546 1025 596 SEXTUM.
1151 600 1153 604 ,
1430 551 1499 618 129

242 707 389 782 ritatem
418 708 673 796 doctrinalem,
695 709 746 783 ita
765 726 867 784 secta
902 691 1136 796 Massonum,
1156 711 1219 784 ubi
1249 710 1364 786 semel
1384 711 1501 786 domi-

243 845 360 916 natur,
380 829 542 927 satagit:
568 827 601 928 1)
621 829 801 926 principia
820 828 1021 903 christiana
1051 830 1270 928 agubemio
1289 831 1503 931 reipublicae

242 970 459 1034 removere;
480 944 518 1046 2)
539 947 719 1022 Ecclesiae
749 947 824 1021 vim
854 966 892 1022 et
924 946 1128 1022 efficaciam
1166 948 1202 1021 in
1230 947 1424 1025 hominum
1444 951 1498 1024 di·

243 1065 446 1162 rectionem
478 1066 697 1141 imminuere
716 1092 723 1154 ;
756 1064 794 1166 3)
814 1066 992 1141 Sanctam
1012 1066 1153 1151 Sedem
1173 1067 1376 1143 destruere.

296 1191 482 1266 Proinde:
502 1189 557 1291 (ι)
594 1201 611 1230 “
637 1193 819 1278 lamvero,
852 1192 1152 1266 naturalistarum
1181 1210 1291 1290 caput
1312 1189 1379 1281 est,
1401 1194 1502 1292 quod

243 1319 262 1349 ‘⁴
283 1312 435 1387 nomine
443 1312 529 1410 ipso
548 1313 638 1386 satis
657 1310 858 1399 declarant,
878 1311 1080 1385 humanam
1098 1328 1268 1386 naturam
1284 1312 1503 1388 humanam·

245 1438 265 1468 ‘⁴
284 1454 357 1527 que
371 1430 554 1504 rationem
565 1430 707 1504 cunctis
727 1429 764 1503 in
784 1429 895 1505 rebus
910 1430 1126 1530 magistram
1146 1447 1280 1506 esseet
1299 1430 1503 1529 principem

245 1558 266 1588 “
285 1569 469 1648 oportere.
956 1635 959 1639 ,

210 1702 215 1714 ·
297 1677 317 1706 “
337 1668 425 1763 Quo
443 1669 657 1757 constituto,
676 1668 800 1744 officia
818 1695 909 1769 erga
927 1670 1052 1745 Deum
1067 1669 1127 1746 vel
1147 1670 1269 1745 minus
1289 1690 1429 1759 curant,
1445 1671 1504 1748 vel

247 1797 266 1827 “
287 1786 525 1886 opinionibus
558 1803 776 1888 pervertunt
796 1787 1006 1890 errantibus
1024 1807 1061 1863 et
1080 1789 1196 1888 vagis
1221 1789 1378 1889 Negant
1404 1792 1504 1865 enim

199 1890 201 1894 Α
248 1909 485 2013 “quicquam
505 1935 589 1984 esse
610 1909 697 1983 Deo
716 1924 868 1982 auctore
895 1908 1096 1994 traditum:
1116 1906 1256 1983 nullum
1279 1908 1440 2006 probant
1457 1909 1506 1985 de'

248 2013 469 2125 “religione
500 2028 648 2126 dogma,
671 2024 760 2099 nihil
790 2025 879 2111 veri,
905 2026 1008 2124 quod
1039 2051 1119 2100 ⁴non
1152 2025 1344 2101 hominum
1374 2026 1504 2101 intelli·

248 2153 269 2181 “
287 2146 416 2244 gentia
434 2144 738 2242 comprehendat,
760 2143 900 2218 nullum
920 2144 1152 2243 magistrum,
1174 2143 1233 2217 cui
1252 2163 1405 2242 propter
1422 2170 1505 2219 auc·

248 2271 268 2300 “
288 2262 476 2338 toritatem
496 2261 607 2336 officii
626 2262 674 2336 sit
710 2262 788 2339 iure
805 2262 1047 2336 credendum.
1074 2261 1265 2358 Quoniam
1284 2279 1409 2336 autem
1429 2288 1507 2337 mu·

172 2400 178 2411 ·
248 2388 358 2453 “nus
380 2397 438 2455 est
464 2379 658 2454 Ecclesiae
679 2379 884 2454 catholicae
911 2378 1101 2478 singulare
1123 2379 1269 2476 sibique
1289 2380 1396 2455 unice
1423 2405 1506 2479 pro·

249 2505 271 2534 “
289 2496 409 2594 prium
427 2496 616 2571 doctrinas
634 2495 814 2570 divinitus
827 2513 1001 2594 acceptas
1031 2497 1367 2594 auctoritatemque
1392 2497 1507 2596 magi·

250 2622 271 2649 “
289 2615 391 2688 sterii
403 2640 487 2688 cum
506 2614 640 2690 ceteris
666 2614 714 2687 ad
733 2612 890 2689 salutem
906 2613 1128 2689 caelestibus
1154 2616 1380 2694 adiumentis
1399 2614 1508 2713 plene

249 2741 270 2769 ‘⁴
289 2732 486 2829 complecti
506 2750 543 2807 et
563 2733 776 2830 incorrupta
794 2732 1009 2831 integritate
1037 2733 1141 2818 tueri,
1164 2733 1301 2808 idcirco
1320 2733 1357 2806 in
1389 2733 1507 2829 ipsam

250 2861 271 2890 “
291 2854 462 2928 maxima.
480 2872 538 2928 est
565 2853 798 2927 inimicorum
827 2851 1016 2925 iracundia
1034 2837 1272 2950 impetusque
1291 2876 1506 2927 conversus.

301 2989 322 3017 “
344 2979 456 3053 Nunc
475 2979 622 3053 veroin
642 2979 684 3053 iis
704 2979 825 3063 rebus,
839 2965 937 3074 quae
950 2976 1168 3078 religionem
1196 2979 1397 3078 attingunt,
1426 3002 1508 3075 spe-

251 3106 270 3134 “
290 3113 410 3171 ctetur
432 3098 522 3194 quid
554 3115 652 3196 agat,
674 3097 879 3194 praesertim
909 3096 971 3169 ubi
999 3112 1057 3170 est
1083 3096 1130 3169 ad
1158 3097 1295 3196 agendi
1322 3095 1509 3170 licentiam

251 3224 271 3252 ·‘
291 3215 449 3301 liberior,
484 3234 586 3290 secta
609 3216 857 3300 Massonum;
899 3214 1129 3311 omninoque
1164 3215 1355 3301 iudicetur,
1385 3237 1510 3287 nonne
1600 3245 1601 3248 ¹

250 3344 270 3372 “
289 3333 458 3432 planete
478 3335 614 3434 exequi
637 3334 954 3408 Naturalistarum
973 3333 1125 3407 decreta
1144 3332 1241 3408 velle
1260 3333 1439 3408 videatur.

298 3458 353 3560 (2)
386 3470 405 3499 ‘⁸
427 3462 563 3561 Longo
582 3488 673 3535 sane
709 3461 964 3558 pertinacique
994 3458 1121 3533 labore
1140 3460 1177 3532 in
1197 3460 1234 3533 id
1252 3460 1361 3534 datur
1385 3483 1510 3556 opera,

250 3589 270 3617 ‘⁶
291 3579 380 3652 nihil
404 3596 444 3653 ut
466 3563 659 3653 Ecclesiae
679 3578 946 3678 magisterium,
970 3576 1060 3650 nihil
1079 3579 1282 3652 auctoritas
1302 3579 1338 3651 in
1358 3577 1511 3651 civitate

251 3706 272 3735 ‘¹
291 3697 408 3794 possit
426 3723 434 3771 :
452 3698 502 3772 ob
521 3723 680 3794 eamque
698 3722 869 3771 caussam
890 3695 1005 3795 vulgo
1033 3696 1250 3793 praedicant
1269 3713 1307 3770 et
1326 3712 1507 3793 pugnant,

250 3826 370 3891 “rem
402 3843 545 3891 sacram
578 3842 733 3914 remque
760 3816 908 3890 civilem
940 3843 1025 3891 esse
1057 3816 1206 3913 penitus
1235 3805 1509 3889 distrahendas.

163 3931 168 3940 ’
251 3933 381 4029 “Quo
411 3935 509 4010 sacto
540 3934 821 4010 saluberrimam
853 3933 1045 4033 religionis
1063 3932 1270 4007 catholicae
1289 3932 1467 4005 virtutem
1490 3956 1512 4004 a

253 4061 273 4090 ‘⁶
293 4051 448 4150 legibus,
480 4053 528 4126 ab
562 4053 887 4127 administratione
905 4051 1131 4149 reipublicae
1159 4050 1388 4136 excludunt;
1409 4047 1512 4122 illud-

252 4179 272 4208 “
290 4195 364 4266 que
375 4189 433 4245 est
443 4195 689 4268 consequens,
703 4189 743 4245 ut
755 4188 903 4267 praeter
924 4170 1094 4244 instituta
1108 4195 1152 4243 ac
1166 4186 1366 4266 praecepta
1384 4164 1513 4242 Eccle-

102 4315 104 4321 ·
196 4377 199 4383 ,
253 4301 274 4328 “
293 4292 380 4378 siae,
402 4309 500 4366 totas
520 4292 804 4367 constituendas
823 4309 957 4389 putent
971 4292 1154 4365 civitates.

305 4426 325 4454 “
348 4417 430 4491 Nec
458 4444 549 4493 vero
569 4443 643 4492 non
658 4443 788 4492 curare
809 4417 1029 4504 Ecclesiam,
1052 4417 1233 4515 optimam
1251 4415 1396 4500 ducem,
1424 4409 1515 4486 satis

254 4543 275 4570 “
295 4532 444 4621 habent,
467 4537 537 4610 nisi
557 4535 742 4611 hostiliter
761 4536 932 4610 faciendo
950 4535 1139 4610 laeserint.

306 4661 398 4735 “Et
428 4687 520 4737 sane
550 4663 793 4736 fundamenta
827 4663 908 4758 ipsa
928 4660 1120 4760 religionis
1151 4659 1356 4734 catholicae
1380 4655 1516 4731 adoriri

304 4811 364 4861 Papa
376 4809 403 4852 sit
417 4826 454 4852 rex
469 4813 553 4854 Romae.
1456 4819 1468 4854 9
