3496 5482
977 488 1150 495 -—--—--
1157 487 1565 498 ·-·-›—--——--—-n——

312 555 364 625 90
727 553 821 605 ΡΑΡΑ
846 555 907 607 SI‘I'
933 555 1009 606 REX
1037 555 1165 607 ROMAE.

237 812 240 816 ²
372 719 432 794 lta
453 720 653 795 concilium
677 721 931 797 Lateranense
959 720 1014 825 lV
1025 740 1063 797 et
1093 719 1289 796 concilium
1308 719 1571 796 Tridentinum

319 859 449 918 contra
479 844 681 922 violatores
710 843 924 943 temporalis
958 844 1125 920 Dominii
1146 841 1398 918 Ecclesiamm
1421 844 1574 919 anathe-

314 981 413 1039 mata
441 966 725 1042 interminantur
745 964 798 1064 (Ἰ.

379 1083 560 1178 Quinimo
591 1087 712 1183 ipsum
741 1084 1030 1161 Constantiense
1044 1083 1251 1172 concilium,
1277 1087 1449 1183 quamvis
1462 1085 1576 1162 vellet

316 1202 519 1279 reformare
550 1206 757 1282 Ecclesiam
791 1207 827 1282 in
859 1207 980 1303 capite
1013 1223 1050 1280 et
1070 1206 1106 1279 in
1125 1206 1314 1292 membris,
1335 1206 1575 1280 nihilominus

317 1345 393 1394 non
415 1324 529 1398 modo
561 1351 634 1399 non
664 1345 770 1424 putat
792 1326 890 1401 hunc
905 1325 1124 1400 Pontificum
1156 1325 1407 1422 Principatum
1432 1323 1575 1424 illegiti-
1627 1406 1630 1411 ,

317 1464 435 1525 mum.
456 1443 522 1516 sed
538 1443 728 1519 decretum
748 1447 824 1521 edit
844 1471 911 1542 pro
924 1446 1093 1544 ejusdem
1104 1445 1426 1519 administratione
1444 1440 1525 1543 (²).”

379 1559 434 1633 Ut
452 1561 580 1636 scribit
601 1563 791 1638 Ferraris:
814 1562 849 1663 Ι)
874 1565 986 1662 Papa.
1008 1564 1154 1637 noviter
1168 1581 1381 1660 assumptus
1409 1562 1445 1636 in
1477 1588 1576 1636 sum-

319 1702 424 1752 mum
445 1680 795 1770 Pontificemdebet
810 1685 1026 1781 promittere
1041 1701 1079 1758 et
1093 1685 1219 1780 jurare
1233 1684 1281 1758 de
1297 1708 1371 1758 non
1386 1683 1576 1758 infeudan-

318 1794 384 1869 dis
420 1797 643 1887 civitatibus,
669 1804 817 1900 oppidis
836 1821 872 1878 et
897 1801 988 1878 locis
1020 1804 1058 1880 S.
1083 1805 1265 1878 Romanae
1298 1802 1502 1886 Ecclesiae:
1527 1847 1578 1858 -

319 1930 358 1988 et
379 1933 464 2013 post
482 1921 762 1996 coronationem
782 1922 896 1997 debet
913 1948 1058 1998 sacrum
1088 1922 1159 1997 hoc
1172 1925 1426 2021 juramentum
1446 1920 1577 1996 litteris

324 2033 401 2109 suis
419 2038 640 2114 confirmare
658 2038 712 2140 (³).
729 2086 779 2097 -
804 2040 867 2115 Sic
885 2043 1014 2116 statuit
1028 2042 1284 2116 sanctissimus
1299 2042 1400 2138 Papa
1427 2041 1515 2115 Pius
1528 2040 1574 2123 V,

327 2156 364 2230 in
384 2160 651 2238 constitutione
672 2186 716 2259 35
736 2188 820 2261 quae
839 2163 965 2260 incipit
983 2162 1172 2237 Admonet
1189 2160 1250 2263 59,
1270 2186 1381 2259 quam
1400 2162 1577 2236 constitu·

325 2278 466 2354 tionem
485 2284 750 2362 confirmarunt
773 2286 974 2362 Pontifices
992 2309 1249 2360 successores:

376 2400 583 2502 Gregorius
603 2407 709 2482 XIII
730 2408 996 2483 constitutione
1022 2408 1168 2501 3Inter
1181 2413 1320 2489 coetera,

373 2521 503 2598 Sixtus
524 2527 561 2598 V
580 2526 847 2601 constitutione
868 2533 914 2601 26
935 2527 1096 2616 Quanta,

377 2640 585 2743 Gregorius
604 2645 703 2720 XIV
721 2645 987 2721 constitutione
1010 2659 1047 2718 1a
1064 2645 1256 2717 Romanus
1279 2641 1468 2738 Pontifex.

381 2760 622 2838 Innocentius
645 2764 702 2838 IX
721 2765 986 2839 constitutione
1010 2778 1046 2836 1a
1067 2763 1160 2852 Quoe
1176 2762 1221 2835 ab
1238 2761 1305 2835 lzac
1320 2759 1476 2834 Mede.

381 2879 439 2977 ΙΙ)
461 2883 691 2983 Hujusmodi
716 2885 988 2959 infeudationes
1007 2881 1254 2966 consulentes
1276 2905 1415 2979 easque
1435 2903 1581 2953 summo

330 2997 499 3075 Pontifici
519 3028 655 3099 perse,
682 3003 740 3077 vel
766 3029 833 3100 per
869 3003 981 3077 alium
1014 3003 1254 3087 insinuantes
1275 3000 1336 3075 vel
1367 3001 1579 3087 suadentes

324 3121 719 3196 excommunicationis
750 3148 899 3218 poenam
933 3148 975 3195 ac
1006 3120 1106 3195 Iaesae
1138 3120 1351 3218 Majestatis
1394 3120 1507 3193 etiam
1543 3119 1579 3192 In

327 3238 447 3333 primo
465 3241 587 3336 capite
601 3257 638 3314 et
653 3240 927 3315 confiscationis
942 3241 1138 3326 bonorum,
1152 3238 1446 3337 privationisque
1461 3237 1581 3336 digni·

326 3376 445 3434 tatum
477 3388 519 3435 ac
549 3362 812 3437 beneficiorum
845 3389 891 3439 eo
921 3363 1003 3461 ipso
1035 3362 1235 3448 incurrunt,
1257 3378 1296 3435 ut
1324 3360 1453 3434 statuit
1482 3358 1581 3434 idem

230 3477 231 3480 ’
327 3477 365 3555 S.
390 3480 477 3553 Pius
501 3481 547 3555 V.

381 3598 472 3698 ΙΙΙ).
501 3601 595 3676 Item
615 3600 833 3676 Cardinales
853 3601 889 3674 in
909 3596 1165 3698 assumptione
1177 3599 1263 3696 pilei
1280 3618 1316 3675 et
1334 3600 1467 3674 iterum
1482 3599 1582 3673 Sede

328 3738 495 3807 vacante,
516 3723 552 3796 in
565 3721 879 3818 conclave,jurare
891 3720 1031 3795 debent
1046 3721 1260 3817 praedictam
1276 3718 1582 3793 constitutionem

327 3837 539 3925 observare,
560 3842 669 3939 eique
689 3866 763 3915 non
782 3839 1054 3923 contravenire,
1076 3865 1143 3912 nec
1165 3839 1408 3913 Pontificibus
1439 3853 1583 3910 contra·

327 3954 548 4032 iacientibus
576 3958 798 4042 consentire,
843 3982 963 4053 neque
1006 3956 1279 4031 absolutionem
1316 3983 1337 4028 a
1368 3957 1584 4053 juramento

327 4094 465 4171 petere,
499 4101 567 4149 nec
599 4075 763 4150 oblatam
791 4095 831 4149 ut
855 4102 1073 4149 concessam
1106 4093 1309 4170 acceptare.
1333 4074 1428 4167 Quae
1457 4073 1584 4147 omnia

328 4194 518 4269 mandavit
538 4193 636 4268 idem
656 4194 912 4268 sanctissimus
932 4194 989 4267 vir
1010 4194 1097 4267 Pius
1126 4194 1226 4288 Papa
1246 4192 1289 4263 V.

378 4312 551 4386 Tandem
566 4330 670 4387 notat
678 4312 846 4387 Ferraris
859 4312 1015 4385 sormam
1025 4339 1038 4407 J
1046 4309 1315 4404 uramentiqua
1328 4333 1369 4380 se
1384 4307 1584 4381 obstrinxit

333 4485 532 4491 -.....—..--..
734 4482 798 4493 --.
834 4486 838 4490 .
856 4485 941 4490 -...-.
966 4478 1581 4490 ...-...-.......-..—-.—.--——---———·

365 4586 386 4625 1.
407 4571 484 4626 Trid.
499 4574 574 4627 Sess.
590 4574 688 4631 XXII.
701 4591 763 4642 cap.
781 4589 820 4627 11.

365 4666 388 4703 2.
410 4653 455 4704 De
469 4651 594 4721 Angelis,
611 4655 694 4707 Proel.
703 4654 790 4722 luris
803 4670 873 4715 cam,
887 4653 934 4708 lib.
951 4654 1007 4719 ΙΙΙ,
1021 4651 1061 4705 tit.
1076 4653 1112 4718 V,
1125 4658 1157 4705 n⁰
1173 4666 1212 4718 ¹3·

364 4746 387 4803 3.
407 4731 548 4803 Prompta
561 4732 703 4801 Bibliotlc,
718 4734 814 4790 Verbo
829 4733 968 4800 Feudum,
984 4743 1035 4788 art.
1053 4733 1091 4800 11,
1111 4739 1143 4786 n⁰
1159 4732 1184 4786 6.
1198 4738 1227 4783 et
1241 4746 1299 4798 seq.
