3496 5482
1293 506 1602 515 ·-—----.———-

350 561 394 634 52
756 563 849 614 ΡΑΡΑ
876 564 935 614 SIT
963 564 1037 614 REX
1067 564 1193 615 ROMAE.

347 749 426 821 quo
436 742 561 822 potest
576 724 690 799 modo
703 724 835 799 iterum
855 723 1018 800 declarat
1033 725 1172 800 Christi
1188 725 1371 801 Vicarius:
1386 737 1407 765 ‘⁸
1423 726 1603 800 Nostram

349 862 523 931 mentem,
538 845 770 943 propositum
783 863 820 920 et
832 845 1064 921 voluntatem
1079 871 1163 921 esse
1174 847 1301 920 omnia
1315 845 1426 945 hujus
1440 846 1480 920 S.
1495 846 1604 921 Sedis

346 963 512 1037 dominia
526 963 772 1062 ejusdemque
791 964 877 1062 jura
897 963 1053 1063 integra,
1075 965 1224 1051 intacta,
1247 963 1426 1039 inviolata
1445 964 1605 1039 retinere

280 1106 283 1110 “
347 1098 460 1179 atque
490 1082 539 1156 ad
565 1107 802 1157 successores
839 1101 989 1157 nostros
1026 1083 1305 1170 transmittere;
1331 1107 1605 1181 quamcumque

346 1225 474 1273 eorum
490 1201 779 1298 usurpationem,
798 1218 873 1276 tam
890 1203 1002 1275 modo
1013 1226 1125 1298 quam
1142 1220 1252 1277 antea
1266 1201 1602 1299 lactariainjustam,

346 1317 558 1406 violentam,
591 1321 727 1395 nullam
761 1322 977 1420 irritamque
1004 1347 1099 1409 esse,
1129 1321 1333 1419 omniaque
1360 1319 1603 1418 perduellium

346 1455 384 1512 et
403 1437 617 1514 invasorum
637 1457 729 1528 acta,
749 1442 832 1517 sive
849 1468 933 1540 quae
953 1442 1133 1516 hactenus
1165 1457 1274 1540 gesta
1291 1457 1390 1526 sunt,
1411 1439 1492 1513 sive
1521 1463 1605 1537 quae

347 1558 500 1634 forsitan
526 1560 562 1633 in
590 1579 781 1659 posterum
809 1581 987 1661 gerentur
1013 1562 1060 1636 ad
1089 1560 1305 1658 praedictam
1326 1558 1604 1656 usurpationem

346 1703 499 1776 quoquo
524 1680 636 1754 modo
655 1680 958 1766 confirmandam,
980 1706 1001 1754 a
1035 1679 1158 1754 Nobis
1176 1678 1288 1753 etiam
1310 1703 1405 1751 nunc
1425 1701 1493 1774 pro
1518 1693 1605 1751 tunc

347 1796 526 1885 damnari,
560 1798 730 1887 rescindi,
759 1799 896 1875 cassari
933 1817 971 1873 et
998 1797 1180 1896 abrogari.

398 1925 420 1955 ‘⁴
451 1915 697 1992 Declaramus
727 1936 908 2015 praeterea
939 1934 977 1991 et
1006 1932 1259 2012 protestamur
1297 1939 1423 1988 coram
1452 1912 1538 1986 Deo
1567 1929 1606 1986 et

235 2044 243 2055 “
347 2034 522 2109 universo
536 2035 642 2111 Orbe
656 2036 850 2122 catholico,
869 2035 953 2109 Nos
966 2035 1001 2109 in
1015 2034 1202 2133 ejusmodi
1215 2032 1434 2131 captivitate
1448 2031 1603 2117 versari,

346 2172 385 2229 ut
399 2179 611 2252 supremam
628 2174 792 2231 nostram
805 2153 1029 2253 pastoralem
1048 2155 1309 2230 auctoritatem
1324 2170 1415 2240 tuto,
1429 2151 1606 2249 expedite

346 2301 389 2350 ac
407 2275 525 2351 libere
544 2277 697 2353 minime
715 2303 892 2354 exercere
911 2277 1110 2375 possimus.

400 2395 611 2471 “Tandem
631 2397 774 2472 monito
794 2396 856 2472 illo
875 2395 913 2471 S.
938 2395 1041 2469 Pauli
1060 2397 1391 2492 obtemperantes:
1411 2417 1495 2490 quae
1523 2416 1605 2489 par·

348 2513 515 2611 ticipatio
541 2514 698 2613 justitiae
729 2542 814 2591 cum
844 2513 1068 2613 iniquitate?
1094 2531 1158 2588 aut
1184 2538 1269 2610 quae
1287 2512 1448 2586 societas
1468 2509 1539 2585 luci
1558 2512 1606 2585 ad
1656 2509 1659 2513 ’

347 2632 551 2711 tenebras?
568 2659 652 2731 quae
681 2651 805 2709 autem
838 2633 1039 2709 conventio
1059 2632 1199 2707 Christi
1229 2632 1276 2704 ad
1296 2628 1412 2705 Belial
1425 2627 1501 2728 (¹)?
1523 2629 1606 2716 Nos

281 2754 283 2760 ’
348 2749 469 2848 palam
489 2770 694 2850 aperteque
712 2752 892 2828 edicimus
910 2778 952 2827 ac
971 2750 1213 2837 declaramus,
1235 2749 1318 2823 Nos
1335 2748 1423 2823 nulli
1439 2773 1604 2846 unquam

346 2869 596 2946 conciliationi
625 2871 796 2946 assentiri
826 2868 886 2945 vel
917 2895 1111 2944 assensum
1139 2868 1382 2966 praestituros,
1418 2893 1503 2965 quae
1531 2864 1606 2939 ullo

348 2989 461 3064 modo
474 2988 560 3087 jura
582 2989 725 3063 Nostra
743 3007 856 3087 atque
875 2989 971 3065 adeo
992 2990 1066 3065 Dei
1087 3006 1125 3063 et
1144 2988 1295 3062 Sanctae
1310 2986 1422 3061 Sedis
1436 2986 1607 3079 destruat

162 3133 165 3137 ’
285 3146 288 3151 ·
348 3107 409 3183 vel
429 3109 636 3184 imminuat.
655 3110 673 3136 ''

402 3228 551 3303 Deinde
578 3227 798 3335 auctoritate
825 3228 1095 3325 omnipotentis
1124 3227 1208 3314 Dei,
1239 3227 1311 3302 SS.
1336 3225 1608 3324 Apostolorum
1699 3259 1702 3262 >

353 3348 452 3423 Petri
480 3367 518 3424 et
548 3346 652 3422 Pauli
680 3374 722 3422 ac
753 3373 822 3421 sua
852 3347 1104 3444 usurpationis
1134 3366 1172 3422 et
1203 3346 1458 3443 occupationis
1492 3346 1608 3421 Urbis

352 3466 584 3553 mandantes,
615 3467 788 3553 lautores
817 3466 1019 3565 adjutores,
1045 3464 1276 3539 consiliarios
1306 3483 1344 3540 et
1371 3464 1608 3540 adhaerentes

352 3608 419 3678 per
444 3584 868 3658 excommunicationem
897 3602 1074 3682 segregat
1110 3582 1159 3656 ab
1195 3581 1284 3656 ovili
1313 3583 1475 3670 Christi;
1503 3583 1608 3681 cujus

351 3700 674 3776 condemnationis
711 3700 888 3774 terribilia
924 3702 1040 3776 verba
1075 3701 1206 3775 videre
1234 3701 1320 3777 licet
1351 3700 1454 3790 inira,
1487 3701 1610 3796 capite

348 3839 497 3899 octavo

401 3938 465 4037 K)
482 3939 576 4012 item
593 3937 630 4011 in
652 3937 854 4036 Encyclica
871 3965 938 4012 sua
958 3939 1032 4013 Ubi
1048 3961 1112 4012 nos
1128 3938 1175 4012 de
1195 3958 1236 4031 15
1257 3937 1349 4009 Maii
1367 3939 1455 4029 1871
1476 3936 1617 4020 iterum¹

352 4057 515 4130 vindicat
531 4057 617 4130 Pius
633 4056 691 4131 IX
705 4058 790 4156 jura
802 4084 879 4145 sua,
894 4076 931 4133 et
950 4055 1059 4131 simul
1073 4056 1425 4141 notaabsurditolz's‚
1439 4053 1610 4128 versutio

352 4197 395 4246 ac
413 4173 575 4245 ludibrii
591 4174 744 4248 infamat
767 4175 980 4273 hypocritas
1000 4173 1104 4272 leges
1124 4173 1369 4247 immunitatis
1387 4198 1409 4245 a
1427 4171 1611 4270 gubernio

353 4290 548 4386 subalpino
566 4289 775 4364 elaboratas
802 4310 839 4365 et
865 4293 935 4364 sibi
959 4292 1040 4366 loco
1065 4292 1297 4390 Principatus
1316 4289 1434 4364 civilis
1454 4287 1609 4365 oblatas.

404 4421 437 4481 5.
466 4409 666 4483 Addantur
695 4409 751 4482 Pii
783 4409 841 4482 IX
872 4409 981 4482 dictis
1015 4410 1152 4483 Leonis
1178 4410 1282 4483 Xlll
1309 4408 1486 4506 praeclara
1508 4409 1609 4484 testi·

355 4550 489 4601 monia.

342 4754 346 4764 .
393 4718 737 4787 r.IIsor.,vt,ttet15.
