3496 5482
323 479 382 485 --
435 479 522 485 ---
554 480 562 485 -
585 479 677 486 ..ω-...-
700 475 950 485 --.-.——-——
985 475 1021 480 -.
1162 475 1210 481 ...⁸
1232 475 1288 480 ,,-
1316 476 1390 482 ——
1443 479 1453 484 -
1475 480 1514 486 —

316 542 365 612 94
726 539 819 589 PAPA
846 537 905 589 SIT
933 537 1008 586 REX
1038 537 1164 587 ROMAE.

312 720 526 775 sanctorum
536 701 710 776 videlicet
720 701 853 774 horum
865 697 1129 795 corporaNon
1142 697 1333 771 itacoelum
1349 699 1574 796 splendescit

311 818 465 914 quando
503 819 626 893 radios
663 817 718 892 sol
754 816 919 902 dimittit,
958 815 1277 912 quemadmodum
1316 816 1572 893 Romanorum

312 937 413 1022 urbs,
447 938 543 1012 duos
576 939 668 1013 istos
693 936 857 1036 fulgores
889 936 1028 1033 ubique
1056 954 1235 1010 terrarum
1256 937 1443 1012 emittens.
1471 939 1571 1013 Hinc

313 1056 478 1151 rapietur
499 1056 645 1142 Paulus,
666 1056 752 1129 hinc
774 1055 917 1129 Petrus.
943 1054 1191 1128 Considerate
1219 1072 1258 1129 et
1283 1055 1442 1142 horrete,
1462 1056 1572 1155 quale
1627 1130 1631 1137 ,

313 1174 566 1272 spectaculum
586 1176 712 1251 visura
730 1175 778 1249 sit
800 1175 938 1249 Roma!
960 1173 1114 1247 Paulum
1134 1174 1311 1250 videlicet
1343 1195 1497 1273 repente
1522 1203 1570 1252 ex

313 1294 422 1369 theca
438 1293 497 1368 illa
516 1320 600 1369 cum
625 1296 736 1368 Petro
756 1310 1014 1392 resurgentem
1032 1292 1068 1365 in
1088 1318 1283 1367 occursum
1307 1293 1472 1382 Domini,
1493 1321 1570 1369 sur·

313 1438 394 1515 sum
417 1413 513 1487 serri.
535 1412 697 1508 Qualem
731 1437 853 1485 rosam
880 1410 1034 1484 Christo
1067 1411 1191 1485 mittet
1225 1412 1346 1485 Roma
1362 1412 1370 1484 !
1388 1411 1571 1508 Qualibus

311 1531 459 1605 coronis
488 1531 634 1605 duabus
664 1550 818 1605 ornatur
847 1529 937 1601 urbs
962 1528 1052 1601 ista!
1073 1526 1260 1622 Qualibus
1283 1531 1425 1605 catenis
1448 1533 1569 1606 aureis

311 1649 433 1722 cincta
450 1668 508 1724 est
524 1649 675 1747 lquales
694 1648 807 1722 lrabet
826 1646 972 1721 sontes!
996 1646 1201 1743 Propterea
1220 1649 1383 1722 admiror
1399 1647 1495 1723 hanc
1513 1676 1570 1724 ur·

313 1767 408 1852 bem,
430 1792 504 1840 non
525 1786 678 1864 propter
688 1766 837 1862 copiam
855 1765 945 1847 auri,
963 1790 1037 1838 non
1058 1785 1210 1863 propter
1227 1766 1430 1853 columnas,
1447 1793 1568 1866 neque

312 1908 465 1983 propter
477 1886 586 1960 aliam
601 1911 879 1984 quamcumque
894 1911 1017 1960 rerum
1029 1884 1208 1982 speciem,
1229 1886 1297 1960 sed
1334 1904 1485 1985 propter
1510 1913 1569 1962 co-

313 2003 459 2078 lumnas
481 2003 560 2078 illas
581 2004 766 2078 Ecclesia:
784 2002 829 2100 (¹)

366 2124 515 2198 Revera
524 2125 633 2223 juvat
651 2149 699 2197 ex
713 2148 779 2197 ore
797 2121 1012 2195 clarissimae
1026 2139 1064 2195 et
1076 2121 1254 2218 piissimae
1263 2122 1384 2197 Boetii
1398 2123 1568 2222 conjugis

313 2243 425 2317 hasce
448 2244 623 2342 excipere
638 2242 768 2317 laudes
786 2261 825 2317 et
843 2268 927 2316 cum
955 2241 1125 2317 Ecclesia
1144 2264 1295 2318 cantare
1314 2243 1393 2319 haec
1403 2243 1545 2318 cantica
1561 2269 1568 2315 :

533 2448 550 2475 ⁴⁴
574 2442 607 2511 0
632 2442 743 2507 Roma
767 2440 861 2517 felix,
882 2462 959 2525 quae
981 2442 1125 2507 duorum
1152 2443 1352 2527 Principum.

535 2551 582 2615 Es
604 2560 802 2615 consecrata
824 2548 973 2632 glorioso
996 2550 1171 2631 sanguine,

538 2656 671 2720 Horum
695 2675 812 2719 cruore
835 2662 1017 2737 purpurata
1041 2664 1170 2718 ceteras

535 2760 685 2826 Excellis
707 2761 799 2824 orbis
822 2779 889 2824 una
912 2758 1179 2841 pulchritudines
1202 2762 1241 2840 (²)
1264 2757 1289 2823 ”.

368 2959 417 3018 ll.
438 2942 700 3017 Sacratissima
715 2961 753 3016 et
766 2942 828 3039 pio
841 2939 1000 3014 liliorum
1012 2938 1113 3013 cultu
1127 2938 1241 3037 digna
1256 2939 1362 3013 nobis
1376 2956 1434 3012 est
1447 2938 1566 3012 Roma

315 3086 469 3166 propter
480 3067 597 3141 citam
616 3085 797 3147 sanctam,
813 3082 969 3162 propter
981 3061 1198 3158 martyrium
1214 3078 1252 3133 et
1269 3056 1493 3156 sepulturam
1514 3076 1567 3131 tot

315 3190 510 3267 beatorum
547 3188 806 3263 Romanorum
825 3184 1059 3259 Pontificum.

365 3311 508 3386 Sancta
525 3330 582 3386 est
601 3330 639 3383 et
660 3308 722 3405 pie
752 3304 910 3381 colenda
932 3322 1086 3401 propter
1098 3299 1335 3375 catacumbas
1359 3314 1470 3394 atque
1488 3294 1565 3369 reli·

314 3430 421 3529 quins
442 3451 498 3507 tot
517 3428 673 3505 millium
693 3446 909 3499 sanctorum
930 3420 1260 3518 martyrumAdeo
1276 3417 1374 3493 enim
1390 3415 1566 3512 sanguine

315 3572 520 3649 martyrum
539 3569 578 3625 et
596 3546 787 3624 cineribus
805 3567 937 3617 eorum
957 3539 1149 3613 imbibitus
1165 3556 1204 3611 et
1223 3535 1352 3633 plenus
1369 3550 1490 3609 exstat
1508 3530 1564 3604 vel

315 3670 437 3768 pulvis
455 3670 661 3768 platearum
684 3666 797 3763 hujus
822 3661 932 3735 uma
955 3658 1084 3739 l'rbis,
1105 3675 1145 3730 ut
1164 3654 1282 3739 nobis,
1302 3654 1395 3727 sicut
1412 3650 1495 3726 olim
1515 3648 1532 3722 l
1552 3691 1564 3703 ·

313 3812 413 3866 ctum
432 3812 491 3866 est
514 3788 641 3887 llloysi
661 3812 684 3861 e
713 3784 840 3859 medio
861 3780 942 3853 rubi
969 3776 1145 3859 ardentis,
1165 3795 1202 3849 et
1234 3796 1362 3846 vocem
1387 3771 1496 3846 edere
1529 3786 1566 3841 et

311 3911 504 3987 clamitare
522 3910 721 3985 videntur:
746 3924 767 3942 ³·
786 3901 905 3977 Solve
923 3897 1216 3973 calceamentum
1235 3893 1282 3966 de
1301 3889 1455 3988 pedibus
1473 3887 1563 3961 tuis:

313 4032 416 4107 locus
443 4032 556 4113 enim,
579 4029 708 4126 inquo
728 4044 817 4101 stas.
838 4042 937 4095 terra
966 4036 1095 4091 sancta
1123 4032 1181 4088 est
1200 4010 1289 4112 (³)''.
1308 4054 1358 4065 -
1377 4008 1447 4081 Est
1470 4024 1565 4079 terra

311 4174 526 4227 sanctorum
539 4150 547 4223 l

366 4286 419 4347 ta.
440 4268 703 4347 Sacratissiuut
724 4283 783 4338 est
806 4260 928 4334 Roma
947 4256 983 4330 in
997 4279 1071 4353 qua
1088 4249 1264 4349 splendor
1281 4245 1407 4331 cultus,
1420 4266 1493 4340 quo
1512 4238 1563 4314 ibi

1055 4392 1566 4415 „..-..,„-....—..-—-

351 4458 1560 4567 tfflmmmfiffitssffimdmmpmummmmwfflmemhffi

315 4580 391 4635 [Μ.
412 4578 436 4632 v
447 4590 475 4632 dl
492 4578 542 4631 b'l.

351 4654 774 4727 mmmmmwm

351 4740 567 4811 jwmm
