3496 5482
250 486 436 500 -έ--αοιι

650 551 742 601 ΡΑΡΑ
770 551 830 600 SIT
857 551 932 601 REX
962 551 1088 604 ROlllAE.
1430 535 1504 623 289

242 711 374 787 Gallici
405 714 480 788 lata
511 714 547 787 in
576 709 793 789 memoriam
827 740 1013 793 revocare.
1048 717 1289 791 Gloriabatur
1316 720 1501 815 superbus

245 829 419 928 Napoleo
442 832 502 906 ΙΙΙ
525 831 682 907 solemni
703 831 898 929 plebiscito
916 860 995 923 su0,
1010 861 1086 933 quo
1104 835 1239 911 solium
1257 862 1366 911 suum
1385 830 1501 912 admi·

242 948 405 1025 rabiliter
445 950 650 1026 stabilitum
682 949 956 1041 arbitrabaturss
987 948 1225 1055 gloriabatur
1260 955 1502 1055 Expositionc

241 1094 392 1167 quoque
410 1095 478 1143 sua
497 1068 707 1155 universali,
729 1070 926 1146 occasione
944 1073 1049 1172 cujus
1075 1079 1130 1148 ¹tot
1153 1075 1280 1172 Reges
1299 1100 1341 1149 ac
1364 1076 1504 1151 Princi-

243 1214 311 1285 pes
325 1189 493 1286 hospltes
511 1189 660 1264 Parisiis
674 1187 873 1278 habuerat;
892 1208 929 1266 et
943 1217 1031 1266 ecce
1044 1193 1170 1267 subito
1183 1193 1289 1290 quasi
1308 1191 1454 1268 levatur
1467 1194 1504 1270 in

242 1333 328 1382 eum
348 1308 466 1384 hostis
484 1327 673 1396 externus,
696 1310 957 1407 potentissima
972 1311 1176 1386 Germania
1192 1338 1199 1399 ;
1220 1311 1370 1386 levatur
1387 1313 1505 1388 hostis

243 1426 409 1500 internus
427 1427 730 1515 communismus,
764 1428 938 1503 terribilis
956 1457 963 1517 ;
983 1429 1128 1503 levatur
1158 1429 1349 1504 brachium
1372 1430 1504 1506 Omni·

243 1544 416 1641 potentis,
437 1545 501 1643 qui
519 1546 628 1622 adest
649 1548 733 1621 Rex
753 1571 883 1645 regum
902 1563 939 1621 et
962 1547 1150 1622 Dominus
1164 1539 1451 1636 dominantium,
1466 1568 1507 1625 ut

243 1665 445 1761 superbum
465 1664 734 1762 imperatorem
746 1665 952 1741 humillime
964 1667 1160 1763 deprimat,
1171 1667 1305 1741 solium
1320 1668 1401 1766 ejus
1419 1693 1506 1743 con·

244 1783 390 1882 fringat,
411 1785 703 1885 progeniemque
733 1787 939 1884 extinguat.
959 1785 1056 1881 Quis
1075 1804 1133 1860 est
1150 1787 1214 1884 qui
1234 1811 1391 1886 regnum
1415 1811 1506 1885 prae·

244 1929 332 1978 sens
355 1905 471 1979 Italiae
489 1932 511 1980 a
530 1905 667 1981 talibus
686 1907 885 1981 eventibus
902 1930 1074 1980 securum
1094 1905 1284 1980 existimet
1303 1905 1317 1979 ?
1337 1905 1435 2001 Quis
1449 1921 1507 1980 est

244 2022 307 2120 qui
327 2024 481 2098 scrutari
501 2025 620 2122 possit
634 2050 678 2099 ea
695 2025 820 2098 omnia
838 2050 923 2122 quae
943 2023 977 2097 ln
994 2023 1156 2098 futurum
1172 2038 1371 2098 servantur
1390 2023 1506 2098 incer·

157 2156 160 2162 '
245 2159 281 2215 ta
302 2140 317 2215 ?
337 2140 432 2236 Quis
465 2143 603 2240 estqui
635 2143 886 2241 praenuntiare
921 2159 1034 2240 queat
1067 2161 1189 2215 utrum
1210 2165 1327 2216 necne
1346 2160 1434 2240 post
1453 2160 1508 2218 tot

244 2252 443 2359 tantasque
466 2261 802 2358 praevaricationes,
834 2280 919 2358 post
938 2279 994 2336 tot
1023 2260 1214 2336 molimina
1232 2261 1507 2336 benevolentiae

247 2377 321 2452 Dei
344 2378 391 2451 ad
411 2379 608 2476 pristinum
628 2363 904 2454 resarciendum
933 2397 1072 2454 statum
1109 2379 1379 2478 pristinamque
1411 2379 1509 2454 inter

248 2489 528 2575 Pontificemet
550 2499 694 2576 Italiam
728 2500 997 2575 restituendam
1029 2500 1198 2600 gratiam,
1219 2525 1241 2573 a
1264 2499 1510 2575 Providentia

245 2635 283 2692 et
297 2620 379 2715 ipso
401 2620 581 2695 Pontifice
597 2620 691 2694 ultro
706 2619 841 2707 oblata,
860 2647 1004 2696 necnon
1020 2621 1131 2696 toties
1150 2638 1319 2694 recusata
1337 2645 1359 2693 a
1373 2619 1502 2695 deten-

246 2737 388 2811 toribus
425 2739 631 2825 Gubernii;
661 2739 745 2837 quis
764 2757 831 2826 est,
870 2739 1031 2838 inquam,
1065 2738 1128 2837 qui
1148 2738 1350 2836 praedicare
1382 2738 1502 2835 possit

245 2872 367 2928 utrum
389 2881 505 2931 necne
525 2858 675 2931 tandem
701 2846 850 2931 maneat
879 2883 1075 2954 supremos
1098 2856 1216 2931 ltaliae
1248 2857 1502 2931 moderatores

244 2971 368 3047 clades
387 2999 561 3071 suprema
580 2975 678 3049 haud
691 2974 870 3050 absimilis
890 2976 984 3063 huic,
1002 3001 1112 3073 quam
1137 2974 1345 3073 Imperator
1369 2973 1502 3050 Galliae

244 3109 302 3165 est
320 3093 527 3189 expertus?
649 3098 657 3109 '

296 3211 370 3287 Ast
388 3213 419 3285 si
447 3212 642 3289 consilium
665 3213 738 3289 Dei
770 3213 927 3312 abyssus
946 3231 1004 3288 est
1034 3211 1158 3298 multa,
1180 3212 1262 3310 ejus
1288 3209 1349 3286 lex
1377 3231 1501 3288 tamen

246 3329 353 3404 nobis
365 3329 417 3404 sic
432 3330 649 3407 innotescit:
664 3356 739 3430 quo
753 3331 865 3405 modo
877 3331 976 3405 enim
991 3348 1125 3430 gentes
1141 3345 1351 3416 nascuntur,
1368 3328 1502 3404 eodem

245 3465 283 3521 et
303 3447 453 3524 interire
471 3448 603 3524 solent.
625 3495 674 3506 -
694 3449 905 3524 Concordia
924 3474 982 3524 res
1014 3473 1140 3546 parvae
1158 3466 1340 3534 crescunt,
1364 3447 1502 3522 discor·

245 3567 305 3639 dia
324 3568 497 3641 maximae
511 3568 733 3642 dilabuntur.
751 3613 800 3624 —
821 3578 842 3606 ‘⁸
857 3567 1007 3666 justitia
1021 3565 1144 3641 elevat
1162 3584 1326 3666 gentem,
1347 3565 1502 3641 miseros

245 3704 369 3760 autem
390 3685 476 3760 lacit
494 3685 653 3783 populos
672 3705 865 3785 peccatum
885 3683 939 3786 (¹).
961 3685 980 3713 ''

298 3803 500 3899 Propterea
519 3802 628 3878 labile
648 3804 875 3879 aestimamus
892 3828 1049 3901 regnum
1072 3800 1252 3888 Italicum,
1274 3801 1374 3900 quod
1395 3827 1501 3876 revo-

245 3921 448 3995 lutionibus
466 3941 504 3996 et
523 3921 790 4021 agitationibus
805 3938 927 3997 ortum
948 3920 1070 4007 debet,
1086 3920 1186 4018 quod
1204 3919 1332 3993 nititur
1350 3920 1503 3994 minime

240 4040 386 4137 justitia
403 4040 470 4114 sed
489 4059 653 4138 peccato,
672 4040 774 4139 quod
788 4042 867 4138 jam
900 4039 1101 4114 hodiedum
1122 4054 1319 4136 quassatur
1337 4034 1504 4112 factioni·

246 4161 315 4234 bus
333 4159 442 4234 saluti
461 4161 649 4236 societatis
669 4187 813 4236 summe
832 4159 1060 4257 perniciosis.

295 4290 330 4350 2.
359 4277 499 4352 Verum
532 4279 630 4352 enim
651 4304 725 4353 non
753 4277 899 4352 fulcitur
916 4301 1081 4373 praesens
1105 4272 1222 4348 ltaliae
1252 4272 1420 4372 regimen
1442 4273 1504 4348 illo

247 4421 337 4469 vero
360 4416 396 4470 et
429 4395 641 4470 firmissimo
672 4394 919 4494 legitimitatis
945 4396 1040 4494 jure,
1075 4393 1177 4490 quod
1198 4416 1316 4490 usque
1335 4391 1381 4464 ad
1416 4417 1500 4467 saec.

247 4514 341 4587 XVI
360 4514 641 4612 integerrimum
657 4514 778 4611 viguit
792 4515 888 4587 inter
901 4530 1047 4612 gentes,
1063 4511 1198 4609 cuique
1216 4509 1371 4606 Europa
1387 4528 1503 4584 totam

287 4724 307 4763 1.
330 4711 425 4778 Prou,
437 4722 500 4778 XIV,
514 4725 556 4779 34,

299 4829 358 4881 Papa
372 4829 400 4872 sit
413 4843 449 4870 rex
464 4831 546 4872 Roma.
1432 4838 1458 4880 ¹2
