3496 5482
328 533 398 583 120
739 531 833 583 PAPA
860 531 920 582 SI'l'
948 532 1022 581 REX
1050 532 1176 582 ROMAE.

382 704 401 732 “
425 695 519 769 lnde
552 693 663 768 etiam
700 692 865 769 existunt
896 694 1146 768 acerbissimae
1177 693 1417 781 calamitates
1448 695 1583 793 quibus

327 811 501 887 Ecclesia
521 813 597 886 sere
615 810 754 908 ubique
772 828 941 886 vexatur.
962 811 980 839 ”

378 940 529 1015 Deinde
550 940 631 1016 Leo
650 939 732 1015 XII
765 956 921 1013 renovat
953 938 1234 1012 damnationem
1268 938 1434 1013 omnium
1466 965 1585 1014 secre-

326 1077 449 1133 tarum
468 1060 690 1135 societatum
704 1061 783 1157 jam
803 1083 824 1130 a
845 1055 1188 1131 praedecessoribus
1209 1057 1290 1131 suis
1315 1056 1427 1131 latam
1444 1086 1452 1147 ;
1485 1059 1586 1131 dam-

326 1194 390 1251 nat
407 1162 600 1274 speciatim
631 1174 894 1276 jusjurandum
922 1174 1023 1272 quod
1043 1174 1079 1248 in
1101 1176 1281 1273 “justitia
1297 1176 1314 1204 ”
1338 1173 1596 1273 ρτοηυηείαηέ

324 1297 414 1369 dum
443 1314 510 1383 est,
532 1296 634 1371 velut
669 1291 857 1369 vinculum
889 1292 1040 1379 habere,
1061 1316 1138 1391 quo
1166 1294 1249 1392 quis
1279 1319 1320 1368 se
1342 1295 1389 1367 ad
1409 1295 1585 1394 injustam

325 1413 467 1488 caedem
486 1411 627 1511 obliget
648 1423 669 1454 ‘⁴
687 1431 726 1488 et
744 1413 792 1486 ad
810 1411 1127 1485 contemnendam
1159 1412 1419 1486 auctoritatem
1453 1412 1582 1489 Eccle-

326 1532 511 1606 siasticam
533 1532 591 1607 vel
610 1531 759 1606 civilem
778 1530 807 1603 ”.
828 1573 878 1585 -—
899 1538 919 1567 “
942 1528 1185 1604 Intoleranda
1217 1548 1274 1605 est
1307 1556 1436 1604 eorum
1468 1532 1584 1628 impu·

327 1653 462 1739 dentia,
494 1652 575 1726 sive
607 1652 781 1735 amentia,
813 1652 886 1748 qui,
919 1674 1004 1723 curn
1036 1651 1162 1725 dicant
1194 1660 1214 1689 ‘¹
1242 1677 1315 1725 non
1345 1661 1397 1726 est
1428 1652 1533 1726 Deus
1551 1653 1581 1740 ''·,
1648 1648 1649 1652 ’

326 1771 488 1846 audeant
516 1788 642 1846 tamen
656 1770 918 1869 jusjurandum
948 1770 1102 1870 exigere
1132 1768 1180 1843 ab
1209 1769 1383 1844 omnibus
1416 1770 1470 1859 iis,
1490 1796 1586 1869 quos

328 1915 415 1965 suas
434 1891 470 1964 in
491 1907 613 1965 sectas
631 1888 813 1989 deligunt.
834 1888 851 1917 '’

380 2032 431 2091 11.
447 2028 469 2058 ‘⁸
491 2018 535 2093 ln
553 2019 725 2094 eamdem
743 2018 966 2092 sententiam
989 2017 1077 2091 Pius
1096 2016 1211 2102 Vlll,
1232 2015 1440 2115 Gregorius
1473 2018 1582 2103 XVl,

328 2162 497 2235 persaepe
515 2162 605 2212 vero
628 2137 715 2211 Pius
738 2137 797 2210 lX
814 2135 927 2211 locuti
945 2154 1042 2210 sunt.
1063 2135 1082 2163 ''

384 2263 471 2337 Pius
489 2262 607 2348 Vlll,
630 2285 677 2355 24
691 2260 784 2335 Maii
805 2264 908 2353 1829.
927 2259 1129 2358 Encyclica
1147 2260 1309 2348 Traditi,
1326 2285 1460 2335 vocem
1478 2259 1585 2335 attol-

329 2377 370 2452 lit
388 2378 604 2453 “adversus
625 2377 788 2453 occultas
807 2377 887 2453 illas
906 2377 1098 2452 hominum
1118 2377 1358 2453 factiosorum
1376 2377 1585 2464 societates,

328 2500 391 2598 qui
411 2499 448 2574 in
464 2500 590 2574 Deum
608 2518 646 2574 et
665 2498 850 2596 principes
869 2498 1013 2586 infensi,
1035 2498 1103 2572 toti
1122 2499 1159 2572 in
1178 2523 1224 2572 eo
1238 2516 1334 2582 sunt,
1352 2516 1392 2573 ut
1407 2497 1587 2573 Ecclesiae

327 2618 590 2718 labem‚regnis
603 2617 917 2715 perniciem,0rbi
934 2617 1108 2691 universo
1119 2617 1434 2714 perturbationem
1452 2617 1586 2713 impor-

329 2753 420 2822 tent,
428 2735 602 2833 viamque
615 2736 662 2808 ad
679 2733 820 2832 flagitia
835 2751 1013 2820 sternant,
1029 2733 1135 2808 lreno
1151 2759 1251 2807 verae
1264 2733 1349 2806 fidei
1362 2727 1574 2809 confracto!

383 2862 475 2937 ldeo
492 2860 732 2937 anathemata
751 2879 908 2935 renovat
926 2861 1062 2959 quibus
1086 2887 1109 2934 a
1137 2877 1304 2959 quatuor
1330 2861 1584 2936 Praedecesso-

332 2979 433 3055 ribus
452 2979 528 3053 suis
546 2977 705 3053 confixae
723 2977 872 3052 luerunt
892 2978 972 3052 istae
991 2997 1113 3052 sectae.

381 3106 424 3180 ln
444 3106 614 3180 eamdem
638 3104 873 3191 sententiam,
895 3103 947 3178 uti
980 3122 1084 3179 notat
1116 3105 1195 3178 Leo
1220 3104 1339 3191 Xlll,
1365 3103 1510 3179 locutus
1529 3123 1586 3181 est

292 3312 294 3316 .
329 3225 536 3326 Gregorius
568 3224 663 3298 XVI
698 3224 735 3297 in
755 3215 898 3298 famosa
932 3222 1133 3321 Encyclica
1161 3226 1314 3298 Mz'rart
1335 3251 1405 3311 vos,
1431 3225 1506 3300 diei
1543 3248 1584 3321 15

329 3345 493 3445 Augusti
516 3347 621 3439 1832.
643 3387 692 3400 -·
712 3355 732 3382 ¹⁶
753 3344 932 3430 Vexatur,
954 3343 1083 3441 inquit,
1113 3344 1293 3418 acerrime
1314 3344 1487 3417 Romana
1506 3345 1585 3418 haec

287 3556 290 3562 .
332 3483 459 3541 nostra
477 3464 682 3539 beatissimi
704 3464 803 3539 Petri
824 3464 953 3553 Sedes,
975 3464 1011 3537 in
1031 3490 1105 3562 qua
1125 3465 1249 3561 posuit
1269 3463 1441 3538 Christus
1457 3463 1586 3539 Eccle-

330 3583 395 3658 siae
426 3582 713 3657 firmamentum.
737 3582 944 3656 Personant
974 3581 1201 3656 horrendum
1223 3582 1258 3655 in
1280 3581 1432 3655 modum
1456 3582 1586 3657 acade-

331 3703 415 3776 miae
433 3727 475 3775 ac
493 3701 691 3801 gymnasia
710 3701 818 3775 novis
837 3701 1055 3798 opinionum
1074 3699 1263 3774 monstris.
1288 3699 1473 3773 lnstitutis
1486 3700 1585 3774 enim

197 3805 200 3812 ¹
263 3902 264 3905 Ἴ
330 3818 580 3916 exemploque
599 3836 880 3916 praeceptorum
902 3818 1086 3915 corruptis
1115 3816 1410 3891 adolescentium
1440 3817 1584 3905 animis,

331 3939 465 4038 ingens
497 3938 685 4037 religionis
715 3936 851 4024 clades
886 3962 1106 4035 morumque
1140 3936 1365 4033 perversitas
1398 3935 1587 4009 teterrima

331 4057 551 4155 percrebuit.
582 4102 633 4141 e-
664 4057 761 4153 Quae
791 4056 942 4154 quidem
974 4076 1076 4130 tanta
1108 4055 1362 4130 calamitatum
1391 4055 1586 4153 congeries

322 4200 379 4268 ‘ex
393 4168 534 4249 illarum
556 4176 592 4247 in
612 4176 740 4271 primis
759 4174 1035 4270 conspiratione
1053 4174 1273 4248 societatum
1294 4190 1350 4246 est
1370 4172 1583 4269 repetenda,

329 4291 366 4367 in
385 4317 478 4390 quas
497 4291 677 4390 quidquid
698 4292 733 4364 in
754 4291 967 4378 haeresibuS,
989 4311 1027 4365 et
1046 4292 1088 4365 in·
1109 4290 1405 4365 sceleratissimis
1435 4289 1585 4385 quibus·
1683 4384 1688 4392 .

331 4435 404 4508 que
435 4411 556 4495 sectis,
589 4410 822 4508 sacrilegum,
855 4408 1091 4506 flagitiosum,
1141 4435 1183 4482 ac
1220 4407 1481 4505 blasphemum
1518 4425 1585 4492 est,

328 4528 435 4630 quasi
460 4530 496 4603 in
516 4531 701 4605 sentinam
721 4531 921 4627 quamdam
941 4554 1023 4602 cunr
1055 4528 1221 4603 omnium
1240 4527 1407 4601 sordium
1437 4551 1586 4600 concre-

328 4651 431 4724 tione
452 4647 642 4723 confluxit.
667 4646 685 4676 '²
