3496 5482
1109 469 1517 482 .--——--.-———-——-

668 530 759 580 PnPn
790 530 849 579 stt
877 530 951 580 REX
981 531 1106 581 ROMAE.

304 709 323 730 ‘⁸
346 694 495 789 Reapse
538 692 635 766 enim
670 717 743 765 non
787 691 888 765 hisce
918 692 1049 766 iisdem
1086 692 1229 780 diebus,
1264 693 1357 792 legis
1401 720 1517 792 quam

253 812 498 909 Guarenlrjgie
528 829 674 893 vocant,
708 809 792 882 hinc
821 809 1058 906 impudenter
1089 809 1266 910 flagitata,
1300 811 1388 887 inde
1424 839 1518 888 vero

251 931 444 1004 minaciter
463 931 647 1003 intentata
668 927 735 1000 suit
753 927 949 1026 abrogatio
967 925 1012 1028 (¹)
1028 927 1043 1002 ?
1060 927 1079 954 ’'

256 1030 259 1036 ¹
300 1060 335 1121 2.
359 1047 516 1144 Insuper
545 1046 581 1119 in
610 1044 742 1120 ordine
775 1045 1000 1142 facinoribus
1036 1045 1209 1121 humanis
1245 1047 1437 1145 superiori,
1477 1048 1515 1123 in

249 1166 381 1240 ordine
409 1163 549 1250 morali,
583 1165 817 1248 inconcusso
847 1182 1074 1262 aeternoque,
1103 1183 1178 1239 stat
1206 1191 1356 1264 semper
1376 1167 1441 1266 jus
1461 1166 1515 1241 in·

250 1282 448 1359 alienabiie
467 1281 505 1358 S.
528 1282 649 1366 Sedis.
667 1282 845 1357 continuo
863 1281 1050 1356 clamans:
1072 1293 1093 1321 '‘
1113 1281 1286 1357 Tollatur
1303 1310 1424 1370 causa,
1445 1310 1515 1358 seu

249 1398 382 1501 injuria
401 1425 586 1498 supremae
614 1399 825 1474 auctoritati
851 1398 911 1473 hic
934 1399 972 1473 in
1003 1401 1110 1475 terris
1134 1400 1281 1486 inflicta,
1304 1420 1344 1476 ut
1363 1401 1516 1477 tollatur

248 1519 412 1606 effectus,
433 1519 469 1593 id
490 1538 547 1594 est
566 1519 786 1616 inquietudo
805 1518 1027 1616 populorum
1047 1541 1085 1595 et
1105 1520 1216 1595 timor
1238 1547 1281 1595 ac
1301 1540 1441 1597 tremor
1459 1523 1514 1595 in·
1585 1547 1588 1553 <

247 1637 373 1736 gentis
391 1637 525 1713 iuturae
544 1635 807 1712 commotionis
825 1635 983 1711 socialis.
1005 1637 1022 1664 ”

299 1754 471 1851 Quaestio
491 1755 664 1830 Romana
691 1753 843 1853 majoris
862 1773 919 1828 est
947 1755 1127 1830 momenti
1147 1774 1185 1831 et
1202 1755 1344 1832 altioris
1364 1755 1514 1854 spherae

245 1898 358 1970 quam
379 1870 451 1946 uila
478 1870 549 1945 aiia
575 1871 733 1968 quaestio
760 1869 920 1967 politica,
950 1871 1025 1946 imo
1054 1898 1167 1970 quam
1196 1872 1339 1949 famosa
1367 1892 1404 1949 et
1433 1893 1512 1949 tam

247 1989 389 2088 agitata
406 1988 567 2087 quaestio
585 1987 787 2063 orientalis.

301 2106 445 2204 injusta
471 2106 668 2204 occupatio
684 2106 853 2181 Dominii
877 2106 1092 2204 temporalis
1121 2108 1160 2183 S.
1183 2108 1295 2184 Sedis
1322 2129 1513 2185 causaest

246 2227 444 2324 praecipua,
475 2227 506 2300 si
540 2251 614 2301 non
647 2224 765 2311 unica,
795 2244 1108 2324 exaggeratarum
1139 2226 1391 2323 impensarum
1420 2227 1511 2302 novi

247 2345 352 2443 regni
376 2344 389 2419 1
397 2343 494 2420 taliae
513 2340 571 2444 (²).
598 2342 693 2417 inde
710 2342 894 2442 angustiae
922 2369 1007 2441 quae
1035 2363 1189 2442 serpunt
1213 2364 1250 2420 et
1269 2371 1402 2420 omnes
1421 2345 1510 2421 affe·

246 2481 349 2539 ctant
370 2482 492 2538 status
512 2463 687 2560 Europae.

301 2584 360 2659 Ex
375 2583 446 2659 alia
466 2603 571 2682 parte
588 2601 663 2658 stat
682 2582 882 2659 immobilis
910 2582 1051 2658 Christi
1069 2584 1252 2670 Vicarius,
1274 2584 1423 2658 innixus
1441 2609 1512 2682 spe

247 2702 283 2776 in
300 2702 611 2800 Omnipotentem
632 2701 689 2774 cui
708 2701 877 2775 serviunt
896 2720 1076 2798 tempora,
1097 2719 1268 2790 eventus,
1285 2702 1359 2777 imo
1379 2720 1511 2799 poten·

246 2839 304 2895 tes
322 2820 432 2921 hujus
451 2818 586 2906 saecuti,
616 2820 789 2917 quamvis
808 2819 939 2908 inviti;
973 2845 1047 2894 non
1075 2839 1196 2896 cessat
1217 2822 1280 2920 jus
1310 2846 1429 2909 suum,
1449 2820 1510 2896 vel

244 2937 368 3035 potius
377 2940 441 3038 jus
458 2937 638 3013 Ecclesiae
657 2958 695 3012 et
711 2937 850 3012 Christi
867 2938 1031 3024 Domini,
1048 2937 1123 3012 alta
1141 2964 1235 3014 voce
1256 2939 1455 3013 vindicare.

296 3057 413 3138 Sicuti
433 3058 572 3132 veritas
595 3057 748 3132 Domini
768 3077 894 3133 manet
908 3059 1150 3146 inaeternum
1169 3059 1222 3133 sic
1242 3079 1280 3133 et
1292 3061 1355 3158 jus
1368 3059 1509 3134 Christi

244 3200 287 3248 ac
309 3173 502 3249 Ecclesiae.
528 3176 722 3274 integrum
753 3195 878 3249 manet
897 3196 935 3249 ct
954 3202 1103 3273 semper
1121 3177 1247 3251 virens
1266 3177 1509 3274 quemadmo-

244 3292 333 3366 dum
352 3309 433 3367 erat
453 3293 585 3390 viginti
607 3310 645 3367 et
664 3318 731 3368 sex
751 3293 885 3367 abhinc
904 3294 1022 3380 annis,
1043 3295 1195 3391 quando
1215 3294 1389 3394 ingresso
1400 3294 1510 3371 hoste

246 3410 282 3482 in
306 3407 463 3495 Urbem,
487 3411 574 3484 Pius
597 3410 665 3496 IX,
685 3411 801 3484 divini
824 3411 997 3510 Magistri
1017 3411 1073 3485 sui
1097 3412 1224 3498 instar,
1253 3412 1478 3488 exclamavit
1501 3438 1509 3489 :

246 3527 280 3601 C
279 3538 549 3604 onsummatum
565 3535 635 3602 est!
653 3529 688 3602 N
695 3554 736 3602 ec
756 3528 829 3602 ulla
847 3531 1039 3603 concessio
1058 3530 1195 3625 prodiit
1214 3556 1262 3605 ex
1280 3556 1345 3606 ore
1363 3555 1509 3605 succes·

244 3645 339 3721 soris
365 3647 494 3733 Petri;
526 3672 547 3721 e
578 3665 733 3721 contra:
765 3646 941 3721 saeculare
973 3665 1010 3721 et
1043 3648 1278 3721 notissimum
1312 3648 1410 3723 istud
1435 3674 1508 3722 non

283 3826 304 3865 r.
325 3811 417 3881 Epist.
431 3812 468 3866 ad
482 3812 566 3867 Card.
582 3813 741 3883 Rampolla,
757 3829 789 3879 ²4
805 3814 883 3884 Sept.
901 3813 975 3882 1895.

280 3905 303 3945 2.
317 3889 333 3918 “
349 3892 445 3946 Meme
457 3908 493 3946 en
507 3892 625 3947 laissant
638 3893 676 3947 de
694 3893 757 3947 cote
776 3894 804 3947 la
824 3892 971 3947 mauvaise
992 3892 1231 3961 administration,
1246 3893 1269 3947 si
1284 3909 1355 3947 nous
1369 3909 1477 3947 venons
1490 3893 1508 3947 a

242 3967 407 4025 consideret
419 3988 475 4041 que
487 3971 514 4024 la
527 3970 729 4041 dispendieuse
739 3973 878 4041 potitique
889 3972 1036 4041 [trangire
1049 3973 1086 4025 du
1100 3989 1229 4027 nouveau
1243 3988 1378 4041 royaume
1390 3988 1420 4026 se
1430 3971 1508 4041 tegle

242 4049 479 4121 principalement
492 4050 603 4118 d’apres
616 4052 643 4105 ia
656 4052 787 4122 question
809 4052 945 4120 romine,
964 4068 1036 4105 nous
1049 4051 1210 4106 arriverons
1222 4052 1240 4105 a
1253 4061 1327 4106 cette
1341 4051 1506 4106 conclusion

241 4128 416 4198 inattendue,
429 4128 502 4184 mais
515 4129 572 4184 tres
586 4131 681 4185 vraie:
699 4130 758 4184 Une
771 4132 818 4184 ries
837 4133 948 4184 raisons
965 4132 1141 4201 principales
1158 4131 1192 4184 de
1210 4131 1240 4184 la
1252 4131 1337 4184 ruine
1350 4130 1509 4200 financiire

240 4209 273 4260 de
285 4208 400 4275 l'Italie,
413 4210 477 4262 desi
487 4211 513 4263 le
525 4211 664 4263 mainir'en
676 4210 785 4263 obstin!
796 4210 830 4262 de
848 4209 878 4262 la
896 4211 1051 4279 spoliaiion
1068 4211 1109 4264 du
1129 4211 1287 4280 pontificat.
1304 4211 1378 4263 Pour
1390 4209 1451 4264 cela
1464 4209 1507 4265 sut

240 4288 402 4343 contractee
414 4288 552 4343 l’alliance
566 4305 635 4343 avec
649 4289 834 4358 PAllemagne
848 4300 876 4343 et
887 4290 1021 4358 negociee
1031 4291 1059 4344 la
1070 4289 1152 4344 visite
1163 4291 1199 4344 de
1208 4291 1388 4360 l’empereur;
1402 4305 1434 4343 ce
1447 4290 1507 4358 qui,

239 4375 326 4434 ayant
340 4368 483 4437 provoque
496 4368 537 4422 les
552 4368 730 4436 represailles
744 4369 910 4422 financieres
924 4369 959 4422 de
973 4369 1000 4423 la
1021 4371 1043 4422 F
1046 4387 1141 4436 rance,
1155 4370 1270 4424 cofitera
1284 4380 1358 4423 cette
1371 4369 1502 4424 anneeci

240 4446 333 4515 (1890)
347 4447 363 4500 a
376 4447 486 4514 Pitane,
502 4461 553 4515 500
566 4447 689 4501 millions
703 4448 739 4501 de
752 4447 854 4502 francs.
879 4453 959 4502 Cette
979 4449 1096 4503 enorme
1116 4460 1194 4518 perte
1216 4448 1326 4503 devrait
1345 4449 1405 4502 &tre
1417 4464 1499 4502 enre-

240 4524 352 4593 gistree,
366 4543 435 4580 avec
449 4543 503 4579 une
516 4526 624 4580 infinite
637 4526 768 4594 d’autres,
780 4542 846 4581 sous
856 4528 882 4581 le
894 4528 958 4581 titre
970 4544 977 4581 ε
991 4527 1007 4554 “
1019 4528 1169 4597 De'penses
1180 4540 1207 4583 et
1219 4539 1312 4596 pertes
1323 4525 1501 4595 financieres,

241 4604 382 4672 imposees
395 4622 450 4658 aux
465 4604 590 4672 italiens,
611 4623 680 4674 pour
701 4605 853 4661 maintenir
865 4606 981 4661 l'inutile
994 4617 1022 4661 et
1036 4607 1158 4662 nuisible
1171 4607 1322 4678 spoliation
1336 4606 1374 4662 du
1390 4606 1475 4676 Pape.
1488 4608 1504 4634 ”

241 4684 296 4750 (Lu
315 4684 408 4736 Virili
415 4701 467 4737 sur
480 4685 510 4737 la
522 4686 648 4754 question
662 4687 795 4753 romar'ne,
809 4703 872 4756 pag.
889 4687 959 4754 111.)
