3496 5482
307 583 361 671 '36
723 599 815 647 Papa
842 598 901 648 s1T
930 598 1004 646 nux
1034 596 1159 647 noum.

365 775 413 835 ll.
439 761 491 835 Et
506 761 656 859 insuper
670 780 710 835 ut
727 788 786 837 res
800 763 919 860 magis
940 761 1135 858 magisque
1152 760 1341 846 clarescat,
1358 760 1437 834 haec
1451 761 1569 835 omni·

312 878 422 952 moda
446 879 615 978 adeoque
635 880 845 956 necessaria
878 878 1070 955 Pontificis
1100 878 1253 954 libertas
1277 896 1315 952 et
1334 877 1422 951 illud
1441 896 1569 975 postu·

310 995 386 1073 lare
400 998 548 1072 videtur
560 1015 601 1072 ut
620 998 709 1096 ipse,
726 999 831 1098 cujus
844 996 1046 1073 auctoritas
1059 997 1306 1071 certissimum
1320 1013 1442 1070 ortum
1455 994 1569 1070 habet

309 1141 331 1188 a
353 1115 448 1203 De0,
470 1116 623 1192 minime
640 1141 732 1191 vero
750 1141 771 1189 a
790 1114 938 1213 populo,
961 1114 997 1189 in
1018 1141 1086 1188 usu
1104 1115 1185 1213 ejus
1200 1112 1301 1188 nullo
1320 1112 1430 1210 plane
1455 1114 1568 1188 modo

310 1233 493 1308 vinciatur
510 1234 677 1308 centenis
696 1234 973 1330 impedimentis
1004 1251 1117 1330 atque
1140 1231 1463 1328 implicationibus,
1483 1258 1568 1330 quae

308 1370 462 1426 manent
474 1349 584 1424 hasce
597 1350 733 1426 formas
750 1351 1012 1425 modernorum
1020 1350 1351 1450 regiminum,quas
1366 1374 1566 1446 repraesen-

307 1469 452 1556 tativas,
467 1494 533 1544 seu
552 1487 755 1567 percoctus
774 1468 958 1569 legiferos,
975 1494 1112 1544 vocare
1130 1467 1262 1543 solent.
1330 1548 1332 1554 ,

362 1588 462 1684 Papa
493 1586 541 1661 sit
569 1586 746 1684 Princeps
775 1586 990 1684 temporalis
1021 1611 1173 1684 prorsus
1206 1585 1487 1683 independens,
1518 1587 1567 1661 sit

306 1705 413 1803 quasi
438 1703 641 1802 imperator
657 1721 848 1779 autocrata
870 1704 1003 1778 Romae
1021 1728 1175 1778 necesse
1193 1721 1261 1778 est.

314 1883 318 1895 .
361 1822 514 1898 Etenim
549 1820 668 1896 civilis
697 1841 864 1919 potestas
893 1821 1052 1897 habetur
1096 1839 1274 1918 tanquam
1318 1821 1564 1897 accessorium

306 1940 494 2036 quoddam
527 1940 575 2014 Ei
610 1938 784 2014 collatum
815 1958 968 2038 propter
998 1938 1211 2037 principale,
1242 1939 1343 2038 quod
1373 1957 1431 2015 est
1462 1965 1566 2015 sacer

309 2059 505 2134 Primatus.

360 2175 398 2247 H
404 2175 436 2248 ic
450 2199 541 2250 vero
551 2201 626 2250 non
638 2176 801 2251 admittit
816 2176 972 2250 formam
988 2175 1180 2275 regiminis
1194 2202 1306 2274 quam
1323 2196 1564 2275 repraesenta·
1604 2228 1607 2235 >

305 2293 420 2367 tivam
440 2292 567 2368 dicunt
591 2311 639 2380 et,
673 2320 757 2368 cum
787 2295 1034 2368 accessorium
1067 2311 1244 2393 sequatur
1268 2295 1480 2393 principale,
1502 2323 1563 2394 pe-

306 2412 412 2488 rinde
430 2432 487 2488 est
505 2429 547 2487 ut
565 2414 604 2488 S.
622 2413 733 2489 Sedis
752 2413 984 2512 Principatus
1003 2414 1121 2488 civilis
1135 2415 1200 2489 vix
1218 2433 1255 2490 et
1268 2441 1315 2490 ne
1334 2417 1397 2490 vix
1411 2418 1564 2515 quidem

304 2531 353 2605 sit
387 2531 659 2628 compossibilis
688 2558 772 2607 cum
809 2531 869 2606 illa
905 2531 1033 2608 forma.
1072 2578 1121 2590 -
1156 2533 1282 2632 Major
1320 2559 1404 2608 cum
1437 2553 1563 2634 pateat

310 2649 489 2746 probetur
515 2668 553 2724 et
588 2649 718 2724 minor.

357 2767 530 2842 Christus
547 2767 617 2842 soli
638 2769 750 2843 Petro
768 2768 924 2866 ejusque
942 2770 1144 2844 successori
1163 2769 1419 2867 plenissimum
1437 2771 1564 2847 tribuit

309 2885 522 2972 Primatum,
545 2885 859 2982 independentem
876 2911 897 2959 a
915 2883 1073 2985 collegio
1093 2887 1373 2983 Apostolorum.
1391 2888 1449 2962 Ita
1468 2890 1561 2987 regi-

306 3032 392 3080 men
409 3005 591 3080 Ecclesiae
609 3003 720 3102 plane
738 3005 895 3080 liberum
915 3023 1025 3080 estet
1045 3005 1249 3080 obnoxium
1271 3007 1420 3093 nemini,
1448 3027 1488 3082 ut
1512 3008 1563 3082 ait

309 3123 396 3197 Pius
414 3124 509 3198 Vll.
537 3168 587 3178 -
606 3123 735 3220 Atque
753 3125 874 3210 certis,
911 3123 1138 3220 minimeque
1158 3123 1279 3197 dubiis
1298 3123 1444 3224 legibus
1462 3152 1484 3198 a
1509 3126 1563 3199 di-

186 3275 189 3284 ‚
264 3337 269 3347 Ι
306 3241 395 3315 vino
407 3267 475 3316 suo
494 3241 702 3316 Conditore
721 3241 789 3314 fuit
803 3241 1056 3314 constitutum.

356 3359 586 3456 Ceteroquin
604 3357 652 3433 de
671 3375 877 3455 systemate
904 3359 1213 3456 repraesentativo
1231 3358 1317 3434 licet
1336 3361 1469 3446 dicere,
1477 3388 1561 3436 cum

306 3478 439 3554 eodem
458 3476 649 3565 Pontifice,
668 3486 689 3515 ‘⁸
708 3475 809 3575 quod
830 3476 1083 3574 superioribus
1102 3478 1218 3566 annis,
1240 3503 1377 3576 magno
1399 3504 1421 3552 a
1440 3505 1561 3554 rerum

307 3623 487 3672 novarum
506 3597 650 3695 cupidis
679 3615 878 3695 exceptum
898 3596 1039 3694 plausu,
1062 3615 1241 3673 terrarum
1270 3600 1398 3674 orbem
1431 3626 1562 3674 aerum·

24 3799 28 3806 ¹
88 3746 91 3751 ·
211 3795 214 3798 ,
306 3715 372 3804 nis,
388 3714 684 3813 caede,luctuque
696 3715 962 3790 cumulavit.—
977 3715 1279 3791 Fundamentum
1299 3736 1337 3791 et
1356 3717 1455 3791 basis
1468 3718 1562 3817 regi·
1649 3742 1651 3748 ⁴

233 3864 234 3868 ¹
306 3833 414 3907 minis
444 3833 625 3908 Ecclesiae
654 3858 889 3931 nequaquam
909 3850 966 3908 est
997 3852 1164 3932 systema
1183 3834 1271 3909 illud
1290 3836 1562 3942 repraesentati·

212 3952 215 3959 ’
305 3977 411 4038 vum;
429 3951 497 4026 sed
517 3951 663 4049 integra
681 3951 741 4025 illa
759 3970 827 4039 est,
849 3970 886 4026 et
907 3952 1069 4026 numeris
1088 3953 1262 4027 omnibus
1279 3952 1449 4027 absoluta
1466 3954 1561 4052 Jesu

227 4149 229 4152 ,
307 4068 473 4144 ΕΗκιετι
491 4068 629 4142 Vicarii
648 4086 816 4164 potestas
836 4066 891 4168 (¹).
913 4069 931 4096 ”

358 4199 411 4261 12.
443 4185 600 4284 Ecquid,
631 4186 791 4259 Romani
820 4187 922 4261 cives
941 4186 1184 4284 privanturne
1205 4188 1291 4286 jure
1307 4187 1501 4284 ,electionis
1524 4208 1562 4264 et
1675 4262 1681 4273 ,

304 4322 403 4379 coetu
422 4302 606 4403 legifero?
625 4304 789 4379 Ets'ane.
811 4302 925 4398 Quod
944 4304 975 4378 si
990 4323 1148 4402 possunt
1163 4322 1306 4380 tantum
1321 4307 1562 4381 auctoritates

304 4421 547 4520 municipales
562 4422 632 4496 sibi
646 4416 796 4521 eligere,
811 4448 859 4495 an
875 4422 960 4497 ideo
973 4422 1139 4498 infelices
1154 4441 1240 4499 sunt
1258 4423 1429 4498 dicendi?
1444 4423 1561 4519 Quin·

304 4540 378 4615 imo
397 4565 522 4614 annon
541 4565 575 4640 e
593 4561 722 4614 contra
740 4539 1022 4614 fortunatissimi
1037 4541 1203 4615 omnium
1223 4563 1311 4616 sunt
1327 4542 1562 4619 aestimandi?

188 4696 191 4705 ¹
308 4819 311 4824 ⁴
342 4723 769 4811 1.Prusv11,n110e.1snan.
787 4741 863 4796 1808.
