<?xml version="1.0" encoding="UTF-8"?>
<!DOCTYPE html PUBLIC "-//W3C//DTD XHTML 1.0 Transitional//EN"
    "http://www.w3.org/TR/xhtml1/DTD/xhtml1-transitional.dtd">
<html xmlns="http://www.w3.org/1999/xhtml" xml:lang="en" lang="en">
 <head>
  <title>
</title>
<meta http-equiv="Content-Type" content="text/html;charset=utf-8" />
  <meta name='ocr-system' content='tesseract 3.04.00' />
  <meta name='ocr-capabilities' content='ocr_page ocr_carea ocr_par ocr_line ocrx_word'/>
</head>
<body>
  <div class='ocr_page' id='page_1' title='image "./papasitrexromae00godtgoog_0311.png"; bbox 0 0 3496 5482; ppageno 0'>
   <div class='ocr_carea' id='block_1_1' title="bbox 307 543 1159 630">
    <p class='ocr_par' dir='ltr' id='par_1_1' title="bbox 307 543 1159 630">
     <span class='ocr_line' id='line_1_1' title="bbox 307 543 1159 630; baseline -0.005 -17"><span class='ocrx_word' id='word_1_1' title='bbox 307 543 379 630; x_wconf 85' lang='lat'>296</span> <span class='ocrx_word' id='word_1_2' title='bbox 720 558 814 610; x_wconf 71' lang='lat' dir='ltr'>rara</span> <span class='ocrx_word' id='word_1_3' title='bbox 840 560 901 610; x_wconf 84' lang='lat' dir='ltr'>srr</span> <span class='ocrx_word' id='word_1_4' title='bbox 928 559 1005 610; x_wconf 77' lang='lat' dir='ltr'>nex</span> <span class='ocrx_word' id='word_1_5' title='bbox 1033 559 1159 610; x_wconf 70' lang='lat' dir='ltr'>noun.</span> 
     </span>
    </p>
   </div>
   <div class='ocr_carea' id='block_1_2' title="bbox 304 719 1598 2239">
    <p class='ocr_par' dir='ltr' id='par_1_2' title="bbox 304 719 1567 823">
     <span class='ocr_line' id='line_1_2' title="bbox 304 719 1567 823; baseline -0.002 -25"><span class='ocrx_word' id='word_1_6' title='bbox 304 723 461 823; x_wconf 82' lang='lat' dir='ltr'>regione</span> <span class='ocrx_word' id='word_1_7' title='bbox 480 720 740 796; x_wconf 89' lang='lat' dir='ltr'>universorum</span> <span class='ocrx_word' id='word_1_8' title='bbox 757 722 910 796; x_wconf 83' lang='lat' dir='ltr'>fratrum</span> <span class='ocrx_word' id='word_1_9' title='bbox 930 746 1081 796; x_wconf 92' lang='lat' dir='ltr'>suorum</span> <span class='ocrx_word' id='word_1_10' title='bbox 1100 722 1191 819; x_wconf 89' lang='lat' dir='ltr'>figat</span> <span class='ocrx_word' id='word_1_11' title='bbox 1217 722 1457 797; x_wconf 90' lang='lat' dir='ltr'>tabernacula</span> <span class='ocrx_word' id='word_1_12' title='bbox 1471 719 1527 822; x_wconf 87' lang='lat'><strong>(¹).</strong></span> <span class='ocrx_word' id='word_1_13' title='bbox 1548 721 1567 748; x_wconf 89' lang='lat'><strong>”</strong></span> 
     </span>
    </p>

    <p class='ocr_par' dir='ltr' id='par_1_3' title="bbox 309 837 1566 1056">
     <span class='ocr_line' id='line_1_3' title="bbox 358 837 1566 937; baseline 0.002 -24"><span class='ocrx_word' id='word_1_14' title='bbox 358 840 482 935; x_wconf 85' lang='lat' dir='ltr'>Quam</span> <span class='ocrx_word' id='word_1_15' title='bbox 497 837 622 914; x_wconf 84' lang='lat' dir='ltr'>felices</span> <span class='ocrx_word' id='word_1_16' title='bbox 636 858 675 915; x_wconf 89' lang='lat' dir='ltr'>et</span> <span class='ocrx_word' id='word_1_17' title='bbox 689 865 878 937; x_wconf 87' lang='lat' dir='ltr'>prosperae</span> <span class='ocrx_word' id='word_1_18' title='bbox 896 857 983 914; x_wconf 89' lang='lat' dir='ltr'>sunt</span> <span class='ocrx_word' id='word_1_19' title='bbox 996 841 1167 915; x_wconf 89' lang='lat' dir='ltr'>nationes</span> <span class='ocrx_word' id='word_1_20' title='bbox 1183 840 1380 925; x_wconf 89' lang='lat' dir='ltr'>neutrales,</span> <span class='ocrx_word' id='word_1_21' title='bbox 1395 841 1443 915; x_wconf 90' lang='lat' dir='ltr'>ab</span> <span class='ocrx_word' id='word_1_22' title='bbox 1462 842 1566 915; x_wconf 92' lang='lat' dir='ltr'>omni</span> 
     </span>
     <span class='ocr_line' id='line_1_4' title="bbox 309 956 787 1056; baseline -0.002 -23"><span class='ocrx_word' id='word_1_23' title='bbox 309 958 456 1056; x_wconf 89' lang='lat' dir='ltr'>flagello</span> <span class='ocrx_word' id='word_1_24' title='bbox 477 956 561 1032; x_wconf 90' lang='lat' dir='ltr'>belli</span> <span class='ocrx_word' id='word_1_25' title='bbox 581 957 787 1032; x_wconf 90' lang='lat' dir='ltr'>immunes!</span> 
     </span>
    </p>

    <p class='ocr_par' dir='ltr' id='par_1_4' title="bbox 306 1076 1568 1294">
     <span class='ocr_line' id='line_1_5' title="bbox 359 1076 1568 1175; baseline -0.002 -23"><span class='ocrx_word' id='word_1_26' title='bbox 359 1078 482 1174; x_wconf 86' lang='lat' dir='ltr'>Quam</span> <span class='ocrx_word' id='word_1_27' title='bbox 502 1078 602 1152; x_wconf 92' lang='lat' dir='ltr'>beati</span> <span class='ocrx_word' id='word_1_28' title='bbox 618 1076 817 1175; x_wconf 90' lang='lat' dir='ltr'>populiqui</span> <span class='ocrx_word' id='word_1_29' title='bbox 833 1102 906 1151; x_wconf 94' lang='lat' dir='ltr'>non</span> <span class='ocrx_word' id='word_1_30' title='bbox 928 1078 1066 1151; x_wconf 92' lang='lat' dir='ltr'>habent</span> <span class='ocrx_word' id='word_1_31' title='bbox 1082 1076 1285 1161; x_wconf 85' lang='lat' dir='ltr'>historiam,</span> <span class='ocrx_word' id='word_1_32' title='bbox 1304 1095 1343 1151; x_wconf 93' lang='lat' dir='ltr'>ut</span> <span class='ocrx_word' id='word_1_33' title='bbox 1357 1076 1446 1150; x_wconf 91' lang='lat' dir='ltr'>dicit</span> <span class='ocrx_word' id='word_1_34' title='bbox 1458 1095 1568 1153; x_wconf 90' lang='lat' dir='ltr'>vetus</span> 
     </span>
     <span class='ocr_line' id='line_1_6' title="bbox 306 1197 508 1294; baseline -0.01 -23"><span class='ocrx_word' id='word_1_35' title='bbox 306 1197 508 1294; x_wconf 86' lang='lat' dir='ltr'>adagium!</span> 
     </span>
    </p>

    <p class='ocr_par' dir='ltr' id='par_1_5' title="bbox 307 1312 1567 1530">
     <span class='ocr_line' id='line_1_7' title="bbox 357 1312 1567 1410; baseline -0.001 -23"><span class='ocrx_word' id='word_1_36' title='bbox 357 1313 481 1409; x_wconf 87' lang='lat' dir='ltr'>Quam</span> <span class='ocrx_word' id='word_1_37' title='bbox 501 1312 636 1388; x_wconf 89' lang='lat' dir='ltr'>misera</span> <span class='ocrx_word' id='word_1_38' title='bbox 649 1331 687 1388; x_wconf 88' lang='lat' dir='ltr'>et</span> <span class='ocrx_word' id='word_1_39' title='bbox 705 1338 848 1410; x_wconf 85' lang='lat' dir='ltr'>pauper</span> <span class='ocrx_word' id='word_1_40' title='bbox 867 1313 965 1388; x_wconf 82' lang='lat' dir='ltr'>lacta</span> <span class='ocrx_word' id='word_1_41' title='bbox 983 1331 1039 1388; x_wconf 88' lang='lat' dir='ltr'>est</span> <span class='ocrx_word' id='word_1_42' title='bbox 1072 1313 1177 1387; x_wconf 93' lang='lat' dir='ltr'>ltalia</span> <span class='ocrx_word' id='word_1_43' title='bbox 1204 1312 1409 1409; x_wconf 90' lang='lat' dir='ltr'>praesertim</span> <span class='ocrx_word' id='word_1_44' title='bbox 1434 1337 1456 1385; x_wconf 93' lang='lat' dir='ltr'>a</span> <span class='ocrx_word' id='word_1_45' title='bbox 1475 1331 1567 1387; x_wconf 89' lang='lat' dir='ltr'>tem-</span> 
     </span>
     <span class='ocr_line' id='line_1_8' title="bbox 307 1428 1448 1530; baseline -0.004 -25"><span class='ocrx_word' id='word_1_46' title='bbox 307 1458 398 1530; x_wconf 91' lang='lat' dir='ltr'>pore</span> <span class='ocrx_word' id='word_1_47' title='bbox 416 1457 491 1530; x_wconf 90' lang='lat' dir='ltr'>quo</span> <span class='ocrx_word' id='word_1_48' title='bbox 506 1430 659 1506; x_wconf 89' lang='lat' dir='ltr'>stultum</span> <span class='ocrx_word' id='word_1_49' title='bbox 679 1454 717 1506; x_wconf 92' lang='lat' dir='ltr'>et</span> <span class='ocrx_word' id='word_1_50' title='bbox 730 1433 840 1507; x_wconf 91' lang='lat' dir='ltr'>inane</span> <span class='ocrx_word' id='word_1_51' title='bbox 861 1432 997 1507; x_wconf 91' lang='lat' dir='ltr'>bellum</span> <span class='ocrx_word' id='word_1_52' title='bbox 1018 1431 1155 1529; x_wconf 90' lang='lat' dir='ltr'>incepit</span> <span class='ocrx_word' id='word_1_53' title='bbox 1171 1432 1206 1504; x_wconf 94' lang='lat' dir='ltr'>in</span> <span class='ocrx_word' id='word_1_54' title='bbox 1230 1428 1448 1526; x_wconf 73' lang='lat' dir='ltr'>Erythraea!</span> 
     </span>
    </p>

    <p class='ocr_par' dir='ltr' id='par_1_6' title="bbox 308 1546 1598 1861">
     <span class='ocr_line' id='line_1_9' title="bbox 358 1546 1598 1648; baseline -0.002 -25"><span class='ocrx_word' id='word_1_55' title='bbox 358 1550 484 1646; x_wconf 85' lang='lat' dir='ltr'>Quam</span> <span class='ocrx_word' id='word_1_56' title='bbox 504 1549 591 1624; x_wconf 81' lang='lat' dir='ltr'>felix</span> <span class='ocrx_word' id='word_1_57' title='bbox 611 1549 713 1624; x_wconf 93' lang='lat' dir='ltr'>Urbs</span> <span class='ocrx_word' id='word_1_58' title='bbox 728 1550 757 1623; x_wconf 91' lang='lat' dir='ltr'>si</span> <span class='ocrx_word' id='word_1_59' title='bbox 776 1576 799 1624; x_wconf 90' lang='lat' dir='ltr'>a</span> <span class='ocrx_word' id='word_1_60' title='bbox 819 1550 913 1623; x_wconf 93' lang='lat' dir='ltr'>duro</span> <span class='ocrx_word' id='word_1_61' title='bbox 922 1552 1017 1648; x_wconf 86' lang='lat' dir='ltr'>jugo</span> <span class='ocrx_word' id='word_1_62' title='bbox 1028 1550 1219 1629; x_wconf 90' lang='lat' dir='ltr'>servitutis</span> <span class='ocrx_word' id='word_1_63' title='bbox 1237 1546 1409 1648; x_wconf 88' lang='lat' dir='ltr'>gubernii</span> <span class='ocrx_word' id='word_1_64' title='bbox 1426 1572 1566 1621; x_wconf 86' lang='lat' dir='ltr'>masso·</span> <span class='ocrx_word' id='word_1_65' title='bbox 1596 1586 1598 1593; x_wconf 51' lang='lat'>1</span> 
     </span>
     <span class='ocr_line' id='line_1_10' title="bbox 308 1664 1566 1763; baseline -0.002 -22"><span class='ocrx_word' id='word_1_66' title='bbox 308 1666 380 1742; x_wconf 92' lang='lat' dir='ltr'>nici</span> <span class='ocrx_word' id='word_1_67' title='bbox 394 1666 559 1752; x_wconf 90' lang='lat' dir='ltr'>liberata,</span> <span class='ocrx_word' id='word_1_68' title='bbox 569 1684 696 1763; x_wconf 90' lang='lat' dir='ltr'>posset</span> <span class='ocrx_word' id='word_1_69' title='bbox 713 1666 845 1741; x_wconf 90' lang='lat' dir='ltr'>iterum</span> <span class='ocrx_word' id='word_1_70' title='bbox 868 1667 1087 1741; x_wconf 91' lang='lat' dir='ltr'>Dominium</span> <span class='ocrx_word' id='word_1_71' title='bbox 1107 1666 1185 1740; x_wconf 88' lang='lat' dir='ltr'>fieri</span> <span class='ocrx_word' id='word_1_72' title='bbox 1202 1664 1408 1763; x_wconf 88' lang='lat' dir='ltr'>temporale</span> <span class='ocrx_word' id='word_1_73' title='bbox 1429 1665 1566 1738; x_wconf 92' lang='lat' dir='ltr'>Vicarii</span> 
     </span>
     <span class='ocr_line' id='line_1_11' title="bbox 310 1784 472 1861; baseline -0.012 0"><span class='ocrx_word' id='word_1_74' title='bbox 310 1784 472 1861; x_wconf 88' lang='lat' dir='ltr'>Christi!</span> 
     </span>
    </p>

    <p class='ocr_par' dir='ltr' id='par_1_7' title="bbox 308 1898 1567 2239">
     <span class='ocr_line' id='line_1_12' title="bbox 361 1898 1567 1999; baseline -0.007 -18"><span class='ocrx_word' id='word_1_75' title='bbox 361 1903 560 1981; x_wconf 85' lang='lat' dir='ltr'>“Paterna</span> <span class='ocrx_word' id='word_1_76' title='bbox 590 1898 803 1977; x_wconf 90' lang='lat' dir='ltr'>sollicitudo</span> <span class='ocrx_word' id='word_1_77' title='bbox 828 1927 901 1999; x_wconf 94' lang='lat' dir='ltr'>qua</span> <span class='ocrx_word' id='word_1_78' title='bbox 941 1901 1101 1975; x_wconf 93' lang='lat' dir='ltr'>Romani</span> <span class='ocrx_word' id='word_1_79' title='bbox 1141 1899 1342 1975; x_wconf 88' lang='lat' dir='ltr'>Pontifices</span> <span class='ocrx_word' id='word_1_80' title='bbox 1377 1924 1467 1999; x_wconf 87' lang='lat' dir='ltr'>erga</span> <span class='ocrx_word' id='word_1_81' title='bbox 1497 1898 1567 1974; x_wconf 92' lang='lat' dir='ltr'>sibi</span> 
     </span>
     <span class='ocr_line' id='line_1_13' title="bbox 308 2016 1566 2119; baseline -0.003 -23"><span class='ocrx_word' id='word_1_82' title='bbox 308 2019 515 2097; x_wconf 86' lang='lat' dir='ltr'>servientes</span> <span class='ocrx_word' id='word_1_83' title='bbox 547 2018 705 2119; x_wconf 89' lang='lat' dir='ltr'>populos</span> <span class='ocrx_word' id='word_1_84' title='bbox 729 2046 879 2118; x_wconf 89' lang='lat' dir='ltr'>semper</span> <span class='ocrx_word' id='word_1_85' title='bbox 905 2021 1029 2095; x_wconf 81' lang='lat' dir='ltr'>affecti</span> <span class='ocrx_word' id='word_1_86' title='bbox 1057 2019 1214 2104; x_wconf 83' lang='lat' dir='ltr'>luerunt,</span> <span class='ocrx_word' id='word_1_87' title='bbox 1236 2016 1326 2114; x_wconf 92' lang='lat' dir='ltr'>ipsis</span> <span class='ocrx_word' id='word_1_88' title='bbox 1345 2036 1566 2118; x_wconf 84' lang='lat' dir='ltr'>suggereret</span> 
     </span>
     <span class='ocr_line' id='line_1_14' title="bbox 308 2134 1567 2239; baseline -0.003 -26"><span class='ocrx_word' id='word_1_89' title='bbox 308 2139 455 2239; x_wconf 91' lang='lat' dir='ltr'>publica</span> <span class='ocrx_word' id='word_1_90' title='bbox 474 2137 839 2237; x_wconf 83' lang='lat' dir='ltr'>vectigaliamitiora</span> <span class='ocrx_word' id='word_1_91' title='bbox 849 2138 961 2212; x_wconf 88' lang='lat' dir='ltr'>etiam</span> <span class='ocrx_word' id='word_1_92' title='bbox 982 2139 1018 2212; x_wconf 94' lang='lat' dir='ltr'>in</span> <span class='ocrx_word' id='word_1_93' title='bbox 1038 2138 1225 2235; x_wconf 88' lang='lat' dir='ltr'>praesenti</span> <span class='ocrx_word' id='word_1_94' title='bbox 1244 2136 1401 2211; x_wconf 91' lang='lat' dir='ltr'>reddere</span> <span class='ocrx_word' id='word_1_95' title='bbox 1417 2163 1425 2221; x_wconf 87' lang='lat'>;</span> <span class='ocrx_word' id='word_1_96' title='bbox 1439 2181 1486 2193; x_wconf 91' lang='lat'>-</span> <span class='ocrx_word' id='word_1_97' title='bbox 1505 2134 1567 2232; x_wconf 89' lang='lat' dir='ltr'>pia</span> 
     </span>
    </p>
   </div>
   <div class='ocr_carea' id='block_1_3' title="bbox 308 2251 1673 2354">
    <p class='ocr_par' dir='ltr' id='par_1_8' title="bbox 308 2251 1673 2354">
     <span class='ocr_line' id='line_1_15' title="bbox 308 2251 1673 2354; baseline 0.001 -23"><span class='ocrx_word' id='word_1_98' title='bbox 308 2255 497 2333; x_wconf 91' lang='lat' dir='ltr'>charitatis</span> <span class='ocrx_word' id='word_1_99' title='bbox 519 2282 634 2354; x_wconf 89' lang='lat' dir='ltr'>opera</span> <span class='ocrx_word' id='word_1_100' title='bbox 656 2274 694 2330; x_wconf 92' lang='lat' dir='ltr'>et</span> <span class='ocrx_word' id='word_1_101' title='bbox 708 2255 979 2331; x_wconf 86' lang='lat' dir='ltr'>beneficentiae</span> <span class='ocrx_word' id='word_1_102' title='bbox 1007 2255 1176 2353; x_wconf 90' lang='lat' dir='ltr'>publicae</span> <span class='ocrx_word' id='word_1_103' title='bbox 1202 2255 1371 2328; x_wconf 85' lang='lat' dir='ltr'>instituta</span> <span class='ocrx_word' id='word_1_104' title='bbox 1395 2251 1564 2352; x_wconf 89' lang='lat' dir='ltr'>ampliori</span> <span class='ocrx_word' id='word_1_105' title='bbox 1672 2330 1673 2333; x_wconf 74' lang='grc'>,</span> 
     </span>
    </p>
   </div>
   <div class='ocr_carea' id='block_1_4' title="bbox 211 2373 1567 4356">
    <p class='ocr_par' dir='ltr' id='par_1_9' title="bbox 211 2373 1566 3063">
     <span class='ocr_line' id='line_1_16' title="bbox 308 2373 1565 2475; baseline -0.003 -25"><span class='ocrx_word' id='word_1_106' title='bbox 308 2402 383 2475; x_wconf 87' lang='lat' dir='ltr'>qua</span> <span class='ocrx_word' id='word_1_107' title='bbox 402 2374 547 2474; x_wconf 90' lang='lat' dir='ltr'>possint</span> <span class='ocrx_word' id='word_1_108' title='bbox 561 2375 814 2475; x_wconf 88' lang='lat' dir='ltr'>generositate</span> <span class='ocrx_word' id='word_1_109' title='bbox 829 2392 1303 2471; x_wconf 90' lang='lat' dir='ltr'>promovere;—coetuum</span> <span class='ocrx_word' id='word_1_110' title='bbox 1319 2373 1565 2472; x_wconf 90' lang='lat' dir='ltr'>indigentium</span> 
     </span>
     <span class='ocr_line' id='line_1_17' title="bbox 307 2488 1565 2592; baseline -0.005 -23"><span class='ocrx_word' id='word_1_111' title='bbox 307 2513 422 2592; x_wconf 90' lang='lat' dir='ltr'>atque</span> <span class='ocrx_word' id='word_1_112' title='bbox 440 2494 704 2591; x_wconf 88' lang='lat' dir='ltr'>operariorum,</span> <span class='ocrx_word' id='word_1_113' title='bbox 725 2517 853 2567; x_wconf 90' lang='lat' dir='ltr'>eorum</span> <span class='ocrx_word' id='word_1_114' title='bbox 873 2492 1036 2566; x_wconf 92' lang='lat' dir='ltr'>sortibus</span> <span class='ocrx_word' id='word_1_115' title='bbox 1052 2491 1087 2565; x_wconf 92' lang='lat' dir='ltr'>in</span> <span class='ocrx_word' id='word_1_116' title='bbox 1101 2488 1292 2565; x_wconf 90' lang='lat' dir='ltr'>meliorem</span> <span class='ocrx_word' id='word_1_117' title='bbox 1312 2491 1565 2565; x_wconf 90' lang='lat' dir='ltr'>conditionem</span> 
     </span>
     <span class='ocr_line' id='line_1_18' title="bbox 211 2608 1566 2711; baseline -0.006 -23"><span class='ocrx_word' id='word_1_118' title='bbox 211 2620 212 2624; x_wconf 72' lang='grc'>’</span> <span class='ocrx_word' id='word_1_119' title='bbox 308 2613 491 2711; x_wconf 88' lang='lat' dir='ltr'>adductis,</span> <span class='ocrx_word' id='word_1_120' title='bbox 513 2609 712 2710; x_wconf 82' lang='lat' dir='ltr'>specialem</span> <span class='ocrx_word' id='word_1_121' title='bbox 742 2637 867 2685; x_wconf 91' lang='lat' dir='ltr'>curam</span> <span class='ocrx_word' id='word_1_122' title='bbox 893 2610 1082 2708; x_wconf 88' lang='lat' dir='ltr'>suscipere</span> <span class='ocrx_word' id='word_1_123' title='bbox 1099 2637 1106 2694; x_wconf 89' lang='lat'>;</span> <span class='ocrx_word' id='word_1_124' title='bbox 1126 2649 1175 2662; x_wconf 90' lang='lat'>-</span> <span class='ocrx_word' id='word_1_125' title='bbox 1205 2634 1279 2683; x_wconf 91' lang='lat' dir='ltr'>uno</span> <span class='ocrx_word' id='word_1_126' title='bbox 1310 2608 1436 2693; x_wconf 89' lang='lat' dir='ltr'>verbo,</span> <span class='ocrx_word' id='word_1_127' title='bbox 1457 2632 1566 2680; x_wconf 92' lang='lat' dir='ltr'>suum</span> 
     </span>
     <span class='ocr_line' id='line_1_19' title="bbox 313 2717 1566 2827; baseline -0.006 -21"><span class='ocrx_word' id='word_1_128' title='bbox 313 2728 565 2826; x_wconf 90' lang='lat' dir='ltr'>Principatum</span> <span class='ocrx_word' id='word_1_129' title='bbox 586 2732 698 2807; x_wconf 87' lang='lat' dir='ltr'>etiam</span> <span class='ocrx_word' id='word_1_130' title='bbox 719 2758 815 2805; x_wconf 93' lang='lat' dir='ltr'>nunc</span> <span class='ocrx_word' id='word_1_131' title='bbox 836 2733 885 2806; x_wconf 93' lang='lat' dir='ltr'>ita</span> <span class='ocrx_word' id='word_1_132' title='bbox 906 2731 1101 2816; x_wconf 91' lang='lat' dir='ltr'>moderari,</span> <span class='ocrx_word' id='word_1_133' title='bbox 1121 2749 1161 2803; x_wconf 90' lang='lat' dir='ltr'>ut</span> <span class='ocrx_word' id='word_1_134' title='bbox 1181 2717 1270 2827; x_wconf 91' lang='lat' dir='ltr'>prae</span> <span class='ocrx_word' id='word_1_135' title='bbox 1288 2726 1461 2802; x_wconf 91' lang='lat' dir='ltr'>omnibus</span> <span class='ocrx_word' id='word_1_136' title='bbox 1485 2725 1566 2799; x_wconf 87' lang='lat' dir='ltr'>aliis</span> 
     </span>
     <span class='ocr_line' id='line_1_20' title="bbox 308 2843 1566 2943; baseline -0.002 -23"><span class='ocrx_word' id='word_1_137' title='bbox 308 2843 479 2920; x_wconf 83' lang='lat' dir='ltr'>civilibus</span> <span class='ocrx_word' id='word_1_138' title='bbox 498 2845 686 2933; x_wconf 90' lang='lat' dir='ltr'>institutis,</span> <span class='ocrx_word' id='word_1_139' title='bbox 708 2846 755 2920; x_wconf 93' lang='lat' dir='ltr'>ad</span> <span class='ocrx_word' id='word_1_140' title='bbox 785 2847 1021 2920; x_wconf 91' lang='lat' dir='ltr'>subditorum</span> <span class='ocrx_word' id='word_1_141' title='bbox 1047 2847 1332 2943; x_wconf 89' lang='lat' dir='ltr'>prosperitatem</span> <span class='ocrx_word' id='word_1_142' title='bbox 1366 2867 1566 2941; x_wconf 89' lang='lat' dir='ltr'>procuran-</span> 
     </span>
     <span class='ocr_line' id='line_1_21' title="bbox 307 2960 1084 3063; baseline -0.001 -26"><span class='ocrx_word' id='word_1_143' title='bbox 307 2963 395 3037; x_wconf 90' lang='lat' dir='ltr'>dam</span> <span class='ocrx_word' id='word_1_144' title='bbox 415 2961 511 3037; x_wconf 83' lang='lat' dir='ltr'>loret</span> <span class='ocrx_word' id='word_1_145' title='bbox 524 2963 719 3060; x_wconf 90' lang='lat' dir='ltr'>aptissime</span> <span class='ocrx_word' id='word_1_146' title='bbox 738 2981 974 3060; x_wconf 91' lang='lat' dir='ltr'>comparatus</span> <span class='ocrx_word' id='word_1_147' title='bbox 995 2960 1048 3063; x_wconf 85' lang='lat'>(²).</span> <span class='ocrx_word' id='word_1_148' title='bbox 1068 2964 1084 2989; x_wconf 90' lang='grc'>”</span> 
     </span>
    </p>

    <p class='ocr_par' dir='ltr' id='par_1_10' title="bbox 260 3077 1567 4356">
     <span class='ocr_line' id='line_1_22' title="bbox 361 3077 1566 3168; baseline -0.004 -12"><span class='ocrx_word' id='word_1_149' title='bbox 361 3083 483 3156; x_wconf 89' lang='lat' dir='ltr'>Roma</span> <span class='ocrx_word' id='word_1_150' title='bbox 512 3101 647 3168; x_wconf 90' lang='lat' dir='ltr'>autern,</span> <span class='ocrx_word' id='word_1_151' title='bbox 681 3083 783 3157; x_wconf 92' lang='lat' dir='ltr'>Urbs</span> <span class='ocrx_word' id='word_1_152' title='bbox 810 3083 1107 3156; x_wconf 86' lang='lat' dir='ltr'>autonomastice</span> <span class='ocrx_word' id='word_1_153' title='bbox 1135 3080 1327 3166; x_wconf 88' lang='lat' dir='ltr'>catholica,</span> <span class='ocrx_word' id='word_1_154' title='bbox 1355 3077 1566 3153; x_wconf 69' lang='lat' dir='ltr'>christianae</span> 
     </span>
     <span class='ocr_line' id='line_1_23' title="bbox 311 3197 1566 3297; baseline -0.003 -24"><span class='ocrx_word' id='word_1_155' title='bbox 311 3199 519 3297; x_wconf 88' lang='lat' dir='ltr'>Religionis</span> <span class='ocrx_word' id='word_1_156' title='bbox 538 3216 716 3284; x_wconf 92' lang='lat' dir='ltr'>centrum,</span> <span class='ocrx_word' id='word_1_157' title='bbox 747 3218 785 3274; x_wconf 92' lang='lat' dir='ltr'>et</span> <span class='ocrx_word' id='word_1_158' title='bbox 804 3200 943 3274; x_wconf 88' lang='lat' dir='ltr'>Christi</span> <span class='ocrx_word' id='word_1_159' title='bbox 964 3199 1113 3273; x_wconf 89' lang='lat' dir='ltr'>Vicario</span> <span class='ocrx_word' id='word_1_160' title='bbox 1133 3199 1253 3273; x_wconf 89' lang='lat' dir='ltr'>Sedes</span> <span class='ocrx_word' id='word_1_161' title='bbox 1272 3197 1450 3272; x_wconf 90' lang='lat' dir='ltr'>divinitus</span> <span class='ocrx_word' id='word_1_162' title='bbox 1476 3221 1566 3293; x_wconf 84' lang='lat' dir='ltr'>prae-</span> 
     </span>
     <span class='ocr_line' id='line_1_24' title="bbox 307 3313 1567 3413; baseline -0.002 -22"><span class='ocrx_word' id='word_1_163' title='bbox 307 3317 447 3400; x_wconf 89' lang='lat' dir='ltr'>stituta,</span> <span class='ocrx_word' id='word_1_164' title='bbox 468 3316 539 3389; x_wconf 90' lang='lat' dir='ltr'>sub</span> <span class='ocrx_word' id='word_1_165' title='bbox 558 3315 637 3389; x_wconf 90' lang='lat' dir='ltr'>miti</span> <span class='ocrx_word' id='word_1_166' title='bbox 657 3334 694 3391; x_wconf 91' lang='lat' dir='ltr'>et</span> <span class='ocrx_word' id='word_1_167' title='bbox 714 3335 869 3413; x_wconf 88' lang='lat' dir='ltr'>paterno</span> <span class='ocrx_word' id='word_1_168' title='bbox 902 3315 1091 3389; x_wconf 86' lang='lat' dir='ltr'>Pontificis</span> <span class='ocrx_word' id='word_1_169' title='bbox 1120 3315 1276 3412; x_wconf 90' lang='lat' dir='ltr'>imperio</span> <span class='ocrx_word' id='word_1_170' title='bbox 1304 3315 1436 3389; x_wconf 90' lang='lat' dir='ltr'>iterum</span> <span class='ocrx_word' id='word_1_171' title='bbox 1456 3313 1567 3388; x_wconf 92' lang='lat' dir='ltr'>collo·</span> 
     </span>
     <span class='ocr_line' id='line_1_25' title="bbox 307 3432 1567 3531; baseline -0.004 -22"><span class='ocrx_word' id='word_1_172' title='bbox 307 3452 400 3519; x_wconf 89' lang='lat' dir='ltr'>cata,</span> <span class='ocrx_word' id='word_1_173' title='bbox 423 3433 602 3530; x_wconf 90' lang='lat' dir='ltr'>inciperet</span> <span class='ocrx_word' id='word_1_174' title='bbox 627 3459 752 3507; x_wconf 92' lang='lat' dir='ltr'>rursus</span> <span class='ocrx_word' id='word_1_175' title='bbox 771 3460 855 3508; x_wconf 89' lang='lat' dir='ltr'>esse</span> <span class='ocrx_word' id='word_1_176' title='bbox 883 3434 930 3519; x_wconf 89' lang='lat' dir='ltr'>id,</span> <span class='ocrx_word' id='word_1_177' title='bbox 951 3433 1052 3531; x_wconf 93' lang='lat' dir='ltr'>quod</span> <span class='ocrx_word' id='word_1_178' title='bbox 1075 3459 1157 3506; x_wconf 90' lang='lat' dir='ltr'>eam</span> <span class='ocrx_word' id='word_1_179' title='bbox 1181 3432 1422 3513; x_wconf 86' lang='lat' dir='ltr'>Providentia</span> <span class='ocrx_word' id='word_1_180' title='bbox 1440 3432 1567 3505; x_wconf 90' lang='lat' dir='ltr'>divina</span> 
     </span>
     <span class='ocr_line' id='line_1_26' title="bbox 307 3547 1566 3648; baseline -0.005 -22"><span class='ocrx_word' id='word_1_181' title='bbox 307 3570 345 3626; x_wconf 92' lang='lat' dir='ltr'>et</span> <span class='ocrx_word' id='word_1_182' title='bbox 363 3549 498 3625; x_wconf 85' lang='lat' dir='ltr'>saecula</span> <span class='ocrx_word' id='word_1_183' title='bbox 513 3551 700 3626; x_wconf 82' lang='lat' dir='ltr'>fecerant:</span> <span class='ocrx_word' id='word_1_184' title='bbox 720 3577 793 3624; x_wconf 93' lang='lat' dir='ltr'>non</span> <span class='ocrx_word' id='word_1_185' title='bbox 809 3578 854 3625; x_wconf 93' lang='lat' dir='ltr'>eo</span> <span class='ocrx_word' id='word_1_186' title='bbox 875 3577 993 3648; x_wconf 91' lang='lat' dir='ltr'>usque</span> <span class='ocrx_word' id='word_1_187' title='bbox 1012 3550 1194 3625; x_wconf 92' lang='lat' dir='ltr'>diminuta</span> <span class='ocrx_word' id='word_1_188' title='bbox 1213 3568 1252 3623; x_wconf 92' lang='lat' dir='ltr'>ut</span> <span class='ocrx_word' id='word_1_189' title='bbox 1270 3547 1319 3623; x_wconf 93' lang='lat' dir='ltr'>sit</span> <span class='ocrx_word' id='word_1_190' title='bbox 1338 3549 1441 3645; x_wconf 90' lang='lat' dir='ltr'>parvi</span> <span class='ocrx_word' id='word_1_191' title='bbox 1463 3550 1566 3647; x_wconf 87' lang='lat' dir='ltr'>regni</span> 
     </span>
     <span class='ocr_line' id='line_1_27' title="bbox 260 3659 1566 3765; baseline -0.005 -22"><span class='ocrx_word' id='word_1_192' title='bbox 260 3659 262 3664; x_wconf 37' lang='lat'>¹</span> <span class='ocrx_word' id='word_1_193' title='bbox 308 3667 519 3744; x_wconf 90' lang='lat' dir='ltr'>miserabile</span> <span class='ocrx_word' id='word_1_194' title='bbox 538 3686 659 3765; x_wconf 88' lang='lat' dir='ltr'>caput,</span> <span class='ocrx_word' id='word_1_195' title='bbox 681 3694 748 3741; x_wconf 91' lang='lat' dir='ltr'>nec</span> <span class='ocrx_word' id='word_1_196' title='bbox 768 3667 864 3741; x_wconf 91' lang='lat' dir='ltr'>binis</span> <span class='ocrx_word' id='word_1_197' title='bbox 884 3667 1133 3765; x_wconf 91' lang='lat' dir='ltr'>potestatibus</span> <span class='ocrx_word' id='word_1_198' title='bbox 1153 3667 1324 3749; x_wconf 90' lang='lat' dir='ltr'>distenta,</span> <span class='ocrx_word' id='word_1_199' title='bbox 1346 3664 1408 3762; x_wconf 92' lang='lat' dir='ltr'>qui</span> <span class='ocrx_word' id='word_1_200' title='bbox 1432 3663 1566 3737; x_wconf 92' lang='lat' dir='ltr'>dualis·</span> 
     </span>
     <span class='ocr_line' id='line_1_28' title="bbox 311 3785 1565 3885; baseline -0.002 -25"><span class='ocrx_word' id='word_1_201' title='bbox 311 3812 392 3860; x_wconf 90' lang='lat' dir='ltr'>mus</span> <span class='ocrx_word' id='word_1_202' title='bbox 423 3786 491 3861; x_wconf 93' lang='lat' dir='ltr'>toti</span> <span class='ocrx_word' id='word_1_203' title='bbox 510 3786 619 3885; x_wconf 85' lang='lat' dir='ltr'>hujus</span> <span class='ocrx_word' id='word_1_204' title='bbox 642 3786 757 3860; x_wconf 90' lang='lat' dir='ltr'>Urbis</span> <span class='ocrx_word' id='word_1_205' title='bbox 785 3785 949 3860; x_wconf 85' lang='lat' dir='ltr'>historiae</span> <span class='ocrx_word' id='word_1_206' title='bbox 976 3806 1032 3859; x_wconf 91' lang='lat' dir='ltr'>est</span> <span class='ocrx_word' id='word_1_207' title='bbox 1063 3811 1212 3882; x_wconf 90' lang='lat' dir='ltr'>prorsus</span> <span class='ocrx_word' id='word_1_208' title='bbox 1238 3785 1411 3882; x_wconf 84' lang='lat' dir='ltr'>ignotus:</span> <span class='ocrx_word' id='word_1_209' title='bbox 1437 3785 1565 3858; x_wconf 90' lang='lat' dir='ltr'>-sed</span> 
     </span>
     <span class='ocr_line' id='line_1_29' title="bbox 308 3902 1566 4003; baseline 0 -27"><span class='ocrx_word' id='word_1_210' title='bbox 308 3904 463 4003; x_wconf 89' lang='lat' dir='ltr'>dignum</span> <span class='ocrx_word' id='word_1_211' title='bbox 483 3925 592 4000; x_wconf 90' lang='lat' dir='ltr'>caput</span> <span class='ocrx_word' id='word_1_212' title='bbox 613 3902 726 3978; x_wconf 90' lang='lat' dir='ltr'>totius</span> <span class='ocrx_word' id='word_1_213' title='bbox 746 3905 860 3979; x_wconf 90' lang='lat' dir='ltr'>Orbis</span> <span class='ocrx_word' id='word_1_214' title='bbox 879 3903 1184 3987; x_wconf 76' lang='lat' dir='ltr'>catholici,Urbs</span> <span class='ocrx_word' id='word_1_215' title='bbox 1200 3928 1336 4000; x_wconf 84' lang='lat' dir='ltr'>magna</span> <span class='ocrx_word' id='word_1_216' title='bbox 1355 3919 1392 3975; x_wconf 91' lang='lat' dir='ltr'>et</span> <span class='ocrx_word' id='word_1_217' title='bbox 1412 3927 1566 3976; x_wconf 90' lang='lat' dir='ltr'>venera·</span> 
     </span>
     <span class='ocr_line' id='line_1_30' title="bbox 309 4019 1566 4119; baseline 0.001 -25"><span class='ocrx_word' id='word_1_218' title='bbox 309 4020 392 4094; x_wconf 92' lang='lat' dir='ltr'>bilis</span> <span class='ocrx_word' id='word_1_219' title='bbox 423 4020 472 4094; x_wconf 94' lang='lat' dir='ltr'>ob</span> <span class='ocrx_word' id='word_1_220' title='bbox 505 4021 643 4096; x_wconf 90' lang='lat' dir='ltr'>Christi</span> <span class='ocrx_word' id='word_1_221' title='bbox 672 4021 808 4095; x_wconf 92' lang='lat' dir='ltr'>Vicarii</span> <span class='ocrx_word' id='word_1_222' title='bbox 838 4022 1073 4119; x_wconf 89' lang='lat' dir='ltr'>majestatem</span> <span class='ocrx_word' id='word_1_223' title='bbox 1103 4023 1258 4106; x_wconf 89' lang='lat' dir='ltr'>unicam,</span> <span class='ocrx_word' id='word_1_224' title='bbox 1289 4019 1496 4093; x_wconf 91' lang='lat' dir='ltr'>honestatis</span> <span class='ocrx_word' id='word_1_225' title='bbox 1528 4040 1566 4095; x_wconf 90' lang='lat' dir='ltr'>et</span> 
     </span>
     <span class='ocr_line' id='line_1_31' title="bbox 307 4135 1566 4239; baseline 0.002 -29"><span class='ocrx_word' id='word_1_226' title='bbox 307 4135 426 4212; x_wconf 90' lang='lat' dir='ltr'>civilis</span> <span class='ocrx_word' id='word_1_227' title='bbox 445 4137 596 4213; x_wconf 85' lang='lat' dir='ltr'>culturae</span> <span class='ocrx_word' id='word_1_228' title='bbox 614 4141 747 4214; x_wconf 89' lang='lat' dir='ltr'>ceteris</span> <span class='ocrx_word' id='word_1_229' title='bbox 767 4140 913 4237; x_wconf 91' lang='lat' dir='ltr'>populis</span> <span class='ocrx_word' id='word_1_230' title='bbox 935 4142 1130 4239; x_wconf 90' lang='lat' dir='ltr'>Magistra,</span> <span class='ocrx_word' id='word_1_231' title='bbox 1168 4141 1303 4223; x_wconf 82' lang='lat' dir='ltr'>Mater,</span> <span class='ocrx_word' id='word_1_232' title='bbox 1325 4138 1508 4237; x_wconf 78' lang='lat' dir='ltr'>refugium</span> <span class='ocrx_word' id='word_1_233' title='bbox 1527 4158 1566 4213; x_wconf 92' lang='lat' dir='ltr'>et</span> 
     </span>
     <span class='ocr_line' id='line_1_32' title="bbox 307 4255 1442 4356; baseline -0.001 -26"><span class='ocrx_word' id='word_1_234' title='bbox 307 4255 508 4354; x_wconf 85' lang='lat' dir='ltr'>exemplar.</span> <span class='ocrx_word' id='word_1_235' title='bbox 533 4258 748 4354; x_wconf 90' lang='lat' dir='ltr'>lterumque</span> <span class='ocrx_word' id='word_1_236' title='bbox 768 4277 805 4332; x_wconf 90' lang='lat' dir='ltr'>et</span> <span class='ocrx_word' id='word_1_237' title='bbox 824 4259 976 4356; x_wconf 89' lang='lat' dir='ltr'>quidem</span> <span class='ocrx_word' id='word_1_238' title='bbox 996 4284 1064 4355; x_wconf 91' lang='lat' dir='ltr'>pro</span> <span class='ocrx_word' id='word_1_239' title='bbox 1083 4257 1216 4332; x_wconf 91' lang='lat' dir='ltr'>merito</span> <span class='ocrx_word' id='word_1_240' title='bbox 1233 4257 1442 4330; x_wconf 89' lang='lat' dir='ltr'>diceretur:</span> 
     </span>
    </p>
   </div>
   <div class='ocr_carea' id='block_1_5' title="bbox 631 4396 1244 4571">
    <p class='ocr_par' dir='ltr' id='par_1_11' title="bbox 631 4396 1244 4571">
     <span class='ocr_line' id='line_1_33' title="bbox 633 4396 1081 4469; baseline 0 -13"><span class='ocrx_word' id='word_1_241' title='bbox 633 4399 650 4427; x_wconf 90' lang='lat'>“</span> <span class='ocrx_word' id='word_1_242' title='bbox 666 4396 694 4456; x_wconf 95' lang='lat' dir='ltr'>O</span> <span class='ocrx_word' id='word_1_243' title='bbox 710 4398 810 4456; x_wconf 88' lang='lat' dir='ltr'>Roma</span> <span class='ocrx_word' id='word_1_244' title='bbox 825 4397 942 4457; x_wconf 64' lang='lat' dir='ltr'>felin...</span> <span class='ocrx_word' id='word_1_245' title='bbox 959 4409 1081 4469; x_wconf 89' lang='lat' dir='ltr'>ceteras,</span> 
     </span>
     <span class='ocr_line' id='line_1_34' title="bbox 631 4492 1244 4571; baseline -0.002 -19"><span class='ocrx_word' id='word_1_246' title='bbox 631 4497 649 4526; x_wconf 90' lang='lat'>“</span> <span class='ocrx_word' id='word_1_247' title='bbox 665 4492 793 4552; x_wconf 86' lang='lat' dir='ltr'>Excellis</span> <span class='ocrx_word' id='word_1_248' title='bbox 808 4495 897 4555; x_wconf 88' lang='lat' dir='ltr'>Orbis</span> <span class='ocrx_word' id='word_1_249' title='bbox 914 4514 973 4553; x_wconf 90' lang='lat' dir='ltr'>una</span> <span class='ocrx_word' id='word_1_250' title='bbox 988 4493 1225 4571; x_wconf 87' lang='lat' dir='ltr'>pulchritudines</span> <span class='ocrx_word' id='word_1_251' title='bbox 1238 4496 1244 4551; x_wconf 90' lang='lat' dir='ltr'>l</span> 
     </span>
    </p>
   </div>
   <div class='ocr_carea' id='block_1_6' title="bbox 340 4632 989 4784">
    <p class='ocr_par' dir='ltr' id='par_1_12' title="bbox 340 4632 989 4784">
     <span class='ocr_line' id='line_1_35' title="bbox 344 4632 983 4703; baseline 0.006 -19"><span class='ocrx_word' id='word_1_252' title='bbox 344 4645 364 4685; x_wconf 88' lang='lat' dir='ltr'>r.</span> <span class='ocrx_word' id='word_1_253' title='bbox 381 4632 743 4703; x_wconf 55' lang='lat' dir='ltr'>Gen.,xv1,⁷12.-Anoc.</span> <span class='ocrx_word' id='word_1_254' title='bbox 759 4635 790 4687; x_wconf 88' lang='lat'>16</span> <span class='ocrx_word' id='word_1_255' title='bbox 806 4634 889 4688; x_wconf 87' lang='lat' dir='ltr'>Mart.</span> <span class='ocrx_word' id='word_1_256' title='bbox 907 4634 983 4689; x_wconf 86' lang='lat'>1808.</span> 
     </span>
     <span class='ocr_line' id='line_1_36' title="bbox 340 4711 989 4784; baseline 0.002 -19"><span class='ocrx_word' id='word_1_257' title='bbox 340 4725 365 4767; x_wconf 82' lang='lat'>2.</span> <span class='ocrx_word' id='word_1_258' title='bbox 379 4711 444 4768; x_wconf 86' lang='lat' dir='ltr'>Litt.</span> <span class='ocrx_word' id='word_1_259' title='bbox 457 4714 495 4770; x_wconf 84' lang='lat' dir='ltr'>ad</span> <span class='ocrx_word' id='word_1_260' title='bbox 509 4714 592 4771; x_wconf 89' lang='lat' dir='ltr'>Card.</span> <span class='ocrx_word' id='word_1_261' title='bbox 608 4712 768 4783; x_wconf 87' lang='lat' dir='ltr'>Rampolla,</span> <span class='ocrx_word' id='word_1_262' title='bbox 785 4725 813 4783; x_wconf 79' lang='grc' dir='ltr'>ις</span> <span class='ocrx_word' id='word_1_263' title='bbox 827 4714 892 4784; x_wconf 87' lang='lat' dir='ltr'>Jun.</span> <span class='ocrx_word' id='word_1_264' title='bbox 915 4713 989 4778; x_wconf 88' lang='lat'>1887.</span> 
     </span>
    </p>
   </div>
   <div class='ocr_carea' id='block_1_7' title="bbox 0 0 1754 5482">
    <p class='ocr_par' dir='ltr' id='par_1_13' title="bbox 0 0 1754 5482">
     <span class='ocr_line' id='line_1_37' title="bbox 0 0 1754 5482; baseline 0 0"><span class='ocrx_word' id='word_1_265' title='bbox 0 0 1754 5482; x_wconf 95' lang='lat' dir='ltr'> </span> 
     </span>
    </p>
   </div>
  </div>
 </body>
</html>
