3496 5482
1028 436 1051 442 .-
1094 437 1268 446 ..-..-,.-....
1288 440 1296 448 ,
1320 439 1363 449 ,,,,

654 499 746 548 Para
774 497 833 548 Sl'l’
862 498 935 547 REX
964 498 1092 550 ROMAE.
1142 505 1144 508 ’

246 594 684 615 Ἣ

242 655 289 728 ad
312 660 647 746 mansuetudinem,
673 685 696 733 a
723 657 989 756 superstitione
1015 659 1062 733 ad
1089 659 1289 735 veritatem
1308 662 1474 738 traduxit
1497 676 1509 748 ;’

244 774 346 870 quod
363 774 717 853 Mahometanorum
730 777 960 853 incursiones
974 777 1106 851 victrix
1123 776 1358 876 propulsavit
1376 807 1384 865 ;
1401 782 1504 880 quod

245 890 364 966 civilis
379 895 499 970 cultus
513 897 759 994 principatum
778 896 937 982 retinuit,
954 912 993 971 et
1007 897 1055 970 ad
1074 922 1187 971 omne
1208 897 1324 972 decus
1336 897 1506 974 humani·

246 1010 333 1084 tatis
362 1011 495 1088 ducem
527 1040 568 1089 se
600 1016 893 1113 magistramque
920 1013 1088 1110 praebere
1117 1016 1253 1090 ceteris
1285 1018 1506 1094 consuevit:

245 1130 346 1225 quod
373 1156 590 1230 germanam
609 1132 820 1208 libertatem
845 1157 1004 1229 eamque
1033 1132 1275 1231 multiplicem
1294 1135 1507 1234 gratificata

245 1246 391 1344 populis
415 1269 496 1325 est:
513 1252 615 1348 quod
634 1251 824 1350 complura
843 1251 890 1324 ad
910 1250 1143 1326 miseriarum
1164 1251 1340 1327 solatium
1359 1255 1508 1353 sapien·

244 1365 386 1444 tissime
417 1370 585 1457 instituit,
606 1371 687 1445 sine
716 1371 982 1455 controversia,
1006 1395 1181 1469 magnam
1209 1370 1324 1446 debet
1343 1374 1506 1470 gratiam

245 1484 425 1584 religioni,
445 1515 557 1587 quarn
585 1490 631 1564 ad
651 1507 773 1564 tantas
792 1514 850 1563 res
869 1487 1126 1584 suscipiendas
1153 1487 1284 1564 habuit
1300 1492 1505 1590 auspicem,

246 1605 294 1677 ad
315 1607 561 1704 perficiendas
589 1608 818 1683 adiutricem.
840 1653 890 1664 —
915 1607 1148 1682 Mansissent
1173 1608 1343 1704 prolecto
1371 1611 1505 1686 eadem

245 1723 344 1799 bona
363 1727 393 1800 si
412 1728 604 1826 utriusque
618 1728 815 1826 potestatis
829 1726 1027 1801 concordia
1046 1726 1268 1802 mansisset:
1290 1728 1506 1828 maioraque

244 1846 435 1941 expectari
456 1847 533 1922 iure
552 1865 733 1944 poterant,
756 1848 786 1921 si
808 1846 1030 1932 auctoritati,
1047 1846 1078 1919 si
1094 1846 1321 1945 magisteri0,
1338 1848 1369 1922 si
1384 1849 1505 1924 consi·

244 1961 302 2037 liis
319 1964 511 2041 Ecclesiae
526 1967 664 2040 maiore
677 1986 776 2041 esset
795 1992 878 2041 cum
899 1965 972 2040 fide
987 1965 1341 2063 perseverantiaque
1360 1966 1505 2042 obtem·

246 2101 427 2180 peratum.
461 2083 556 2159 lllud
584 2085 683 2160 enim
713 2104 915 2183 perpetuae
942 2084 1036 2183 legis
1055 2082 1171 2158 instar
1190 2082 1405 2159 habendum
1432 2104 1501 2172 est,

246 2202 347 2300 quod
383 2203 453 2276 lvo
479 2203 724 2279 Carnutensis
747 2204 795 2277 ad
825 2201 1041 2277 Paschalem
1074 2202 1111 2277 ll
1137 2190 1503 2278 PontificemMaxi·

245 2345 349 2394 mum
367 2321 536 2418 scripsit:
556 2322 687 2397 “Cum
708 2347 863 2422 regnum
883 2340 920 2396 et
934 2321 1182 2396 sacerdotium
1200 2321 1297 2395 inter
1310 2348 1352 2396 se
1365 2347 1504 2397 conve·

247 2442 467 2531 niunt,bene
486 2446 627 2544 regitur
645 2446 814 2531 mundus,
824 2445 930 2519 floret
949 2463 986 2518 et
999 2443 1192 2519 fructificat
1209 2444 1390 2520 Ecclesia.
1405 2446 1502 2521 Cum

244 2592 336 2642 vero
351 2567 447 2642 inter
457 2595 498 2643 se
513 2569 737 2654 discordant,
753 2594 828 2643 non
845 2586 987 2643 tantum
1000 2592 1138 2664 parvae
1153 2593 1211 2641 res
1227 2593 1302 2642 non
1317 2586 1499 2656 crescunt,

244 2691 313 2764 sed
331 2691 443 2766 etiam
464 2718 624 2791 magnae
640 2718 698 2767 res
719 2691 978 2767 miserabiliter
995 2689 1210 2764 dilabuntur
1224 2689 1280 2789 (¹).
1296 2691 1313 2719 '’

298 2810 387 2897 Sed,
407 2811 511 2885 addit
533 2811 718 2898 Pontifex,
739 2811 947 2909 perniciosa
982 2808 1042 2882 illa
1068 2835 1111 2883 ac
1130 2807 1360 2906 deploranda
1379 2832 1501 2885 rerum

246 2956 426 3007 novarum
447 2933 672 3031 studia,quae
691 2934 827 3009 saeculo
847 2933 940 3007 XVl
956 2931 1118 3007 excitata
1130 2948 1227 3017 sunt,
1237 2956 1324 3006 mox
1344 2930 1502 3005 naturali

243 3053 406 3149 quodam
437 3052 568 3127 itinere
599 3053 660 3126 ad.
677 3050 960 3151 philosophiam,
982 3077 1004 3123 a
1028 3047 1266 3146 philosophia
1296 3048 1342 3123 ad
1370 3070 1503 3124 omnes

242 3170 362 3244 civilis
392 3172 669 3246 communitatis
688 3172 838 3246 ordines
861 3184 1159 3268 pervenerunt...
1178 3177 1199 3205 “
1224 3168 1286 3241 Ex
1306 3167 1377 3243 hoc
1399 3167 1502 3243 velut

244 3289 347 3364 lonte
371 3290 574 3387 repetenda
603 3290 663 3366 illa
692 3291 897 3366 recentiora
919 3289 1121 3362 effrenatae
1150 3284 1331 3361 libertatis
1366 3287 1499 3384 capita,

244 3409 417 3482 nimirum
434 3407 469 3481 in
483 3409 654 3483 maximis
666 3408 1006 3507 perturbationibus
1022 3406 1213 3502 superiore
1231 3404 1380 3480 saeculo
1391 3431 1501 3480 exco-

242 3527 371 3626 gitata,
392 3526 427 3599 in
448 3525 648 3624 medioque
668 3529 868 3626 proposita,
887 3526 1041 3623 perinde
1060 3550 1102 3599 ac
1122 3524 1302 3622 principia
1314 3540 1351 3598 et
1371 3523 1500 3599 lunda-

243 3662 369 3720 menta
388 3644 475 3717 novi
495 3643 593 3731 iuris,
614 3646 715 3743 quod
741 3665 778 3721 et
797 3644 864 3719 luit
883 3662 994 3717 antea
1013 3645 1183 3743 ignotum
1203 3660 1241 3717 et
1266 3668 1289 3716 a
1315 3641 1397 3741 iure
1425 3667 1500 3716 non

241 3764 361 3838 solum
381 3760 583 3839 christiano
601 3764 667 3838 sed
687 3764 798 3838 etiam
818 3761 975 3837 naturali
990 3762 1073 3860 plus
1086 3787 1158 3836 una
1176 3787 1223 3836 ex
1237 3778 1342 3859 parte
1359 3760 1499 3836 discre-

243 3900 306 3980 pat
325 3882 380 3983 (²l·
401 3882 417 3910 ’'

299 4003 356 4077 lta
378 4004 458 4079 Leo
477 4003 583 4077 Χ111
617 4002 727 4075 docet
759 4026 879 4100 reges,
900 4018 937 4074 et
967 3998 1015 4086 hi,
1047 3998 1131 4073 licet
1152 4022 1225 4072 non
1245 4014 1500 4095 exsequantur

243 4119 349 4207 dicta,
380 4148 488 4198 aures
516 4137 678 4196 attentas
707 4120 886 4216 praebent,
908 4144 976 4192 nec
1003 4117 1082 4192 fieri
1112 4134 1236 4214 potest
1259 4115 1359 4213 quin,
1381 4113 1499 4190 velint

242 4237 369 4325 nolint,
389 4240 550 4337 aliquem
569 4237 700 4314 saltem
729 4236 908 4311 influxum
931 4261 977 4310 ex
1007 4253 1110 4309 tanta
1133 4235 1316 4331 sapientia
1339 4234 1498 4308 subeant

240 4355 474 4455 fructumque
505 4358 590 4431 exin
625 4349 824 4452 reportent.
855 4353 969 4448 Quod
998 4354 1028 4427 si
1061 4353 1172 4451 igitur
1201 4352 1380 4427 hactenus
1413 4377 1497 4426 cum

282 4587 303 4626 1.
323 4572 441 4704 Zupycl.
455 4572 621 4627 Immortale
632 4573 696 4641 Dei,
713 4587 722 4627 1
741 4573 814 4628 Nov.
832 4571 906 4640 1885.

280 4666 302 4704 2.
355 4669 365 4704 ι
387 4693 392 4706 .
