3496 5482
619 511 648 518 ...-
669 510 873 519 „mnsam——
902 509 1512 522 ...1wa

668 574 761 623 PAPA
788 575 847 622 SlT
875 575 949 623 REX
978 575 1103 625 ROMAE.
1445 576 1512 649 145

303 727 424 826 Saepe,
460 729 534 803 imo
563 727 784 826 saepissime!
818 729 970 802 Etenim
1003 729 1038 802 in
1072 728 1195 803 libello
1215 731 1313 827 typis
1333 732 1513 806 vaticanis

250 871 350 920 anno
375 849 470 939 1890
489 846 681 944 impresso,
701 846 772 920 sub
791 846 924 921 titulo:
954 847 1016 922 La
1035 848 1154 920 verita
1172 848 1319 922 intorno
1335 851 1414 924 alla
1431 876 1512 948 que·

248 964 365 1038 stione
381 966 553 1040 Romana
567 962 621 1065 (¹),
642 965 800 1064 legimus
824 963 1041 1039 Pontificem
1064 989 1133 1060 150
1145 965 1288 1040 vicibus
1310 967 1431 1041 Roma
1450 995 1512 1044 ex·

250 1082 397 1181 pulsum
430 1085 649 1183 Urbemque
678 1110 761 1159 cum
791 1085 984 1183 temporali
1016 1085 1196 1160 Dominio
1221 1087 1376 1161 totidem
1397 1086 1512 1162 luisse

249 1219 540 1299 usurpatam-
559 1202 739 1298 Quinimo
758 1201 904 1301 legatus
925 1202 1138 1276 Toscanelli
1159 1204 1194 1276 in
1213 1204 1374 1278 comitiis
1393 1204 1510 1302 publi·

248 1319 302 1394 cis
321 1321 549 1395 mentionem
577 1321 664 1396 secit
692 1323 740 1397 de
775 1341 839 1414 171
864 1322 1169 1411 revolutionibus,
1191 1350 1285 1422 quas
1303 1310 1513 1422 passus'est

252 1437 483 1537 Principatus
502 1440 621 1514 civilis
657 1439 888 1527 Pontificum,
919 1459 1003 1516 ete
1030 1442 1164 1540 quibus
1193 1467 1343 1541 semper
1373 1443 1512 1518 incolu-

249 1556 320 1631 mis
338 1558 458 1632 evasit
479 1555 531 1656 (l.
555 1619 556 1622 ,

304 1675 392 1773 lpso
426 1696 554 1751 nostro
581 1677 728 1764 saeculo,
759 1695 851 1776 quot
887 1678 1164 1754 vicissitudines
1195 1679 1370 1755 sustinuit
1410 1680 1509 1756 idem

249 1819 394 1868 sacrum
417 1795 636 1869 Dominium
658 1793 721 1896 (³)!

299 1911 376 1987 Sed
396 1939 470 1987 non
485 1939 579 2011 opus
598 1932 656 1989 est
686 1931 725 1988 ut
752 1915 789 1988 in
819 1913 924 1988 sactis
952 1915 1040 1989 olim
1069 1915 1224 2012 patratis
1244 1916 1508 1994 immoremur:

248 2030 374 2104 statim
391 2031 585 2105 videamus
600 2032 790 2129 quomodo
808 2031 962 2106 actualis
976 2034 1172 2130 occupatio
1190 2034 1322 2108 Romae
1341 2037 1508 2112 satanice

247 2148 357 2223 luerit
385 2167 591 2246 praeparata
622 2168 660 2225 et
690 2174 819 2225 revera
849 2149 1033 2225 diabolice
1069 2169 1218 2249 peracta
1245 2170 1360 2251 atque
1391 2155 1508 2230 conti·

248 2285 370 2342 nuata.

297 2401 333 2461 2.
354 2389 509 2487 Triplex
534 2390 640 2488 quasi
667 2391 810 2465 exstitit
829 2389 956 2489 phasis
984 2391 1254 2490 agitationum:
1285 2418 1314 2467 1.
1338 2393 1507 2469 Violenta

246 2512 439 2608 aggresszb.
472 2513 777 2609 2.Dz'plomal1'ca
808 2512 960 2586 astuctiz.
989 2537 1021 2607 3.
1051 2512 1284 2610 Subreptilia
1308 2515 1506 2589 nationali-

245 2633 423 2706 latisvz'a.

302 2749 472 2824 Vz'olenla
506 2751 698 2847 aggressio.
731 2751 867 2825 Annus
896 2752 988 2845 1815
1009 2749 1137 2824 testari
1165 2749 1287 2848 potuit
1314 2752 1505 2849 quomodo

245 2868 526 2966 potentissimus
551 2869 753 2966 imperator
774 2867 948 2966 Napoleo
971 2868 999 2956 l,
1020 2868 1083 2966 qui
1105 2867 1235 2942 ultimo
1254 2893 1367 2943 ausus
1386 2868 1506 2947 suerat

248 2985 466 3060 Dominium
487 2985 525 3060 S.
544 2987 654 3061 Sedis
674 3012 861 3084 usurpare,
882 3012 904 3061 e
923 2987 1059 3061 throno
1077 3012 1146 3060 suo
1165 2984 1275 3061 fuerit
1292 2987 1462 3086 dejectus
1484 3016 1506 3065 a

245 3102 399 3178 sautrice
417 3105 657 3179 Providentia
675 3105 723 3179 ab
741 3103 955 3179 hominibus
974 3103 1173 3179 derelictus
1193 3130 1234 3178 ac
1253 3122 1445 3203 postremo
1468 3109 1505 3182 in

245 3226 493 3301 remotissima
524 3226 642 3301 insula
676 3225 714 3302 S.
749 3226 909 3302 Helenae
939 3226 1148 3326 relegatus;
1175 3227 1366 3326 quomodo
1409 3228 1506 3304 filius

245 3344 485 3442 ipsius,quem
500 3344 629 3418 insana
641 3345 816 3442 superbia
830 3347 975 3444 Regem
995 3346 1126 3419 Romae
1138 3363 1339 3432 creaverat,
1347 3346 1505 3423 obscure

244 3462 379 3538 obierit
394 3463 429 3536 in
445 3463 598 3537 Austria
616 3489 656 3536 21
674 3488 811 3537 annum
828 3462 1024 3562 agens,vix
1037 3481 1074 3538 et
1090 3489 1137 3538 ne
1152 3464 1215 3537 vix
1229 3463 1380 3561 quidem
1394 3484 1505 3540 notus

244 3584 314 3657 sub
327 3583 477 3658 nomine
492 3584 609 3657 Ducis
621 3584 669 3657 de
684 3582 917 3670 Reichstadt;
930 3583 1018 3656 dum
1031 3598 1194 3657 econtra
1209 3582 1358 3656 PiusVl
1369 3582 1397 3670 l,
1409 3584 1503 3659 Pon-

244 3700 334 3776 tifex
350 3701 550 3788 Maximus,
563 3702 599 3775 in
612 3702 754 3799 majore
766 3719 871 3798 parte
884 3718 1048 3776 statuum
1062 3726 1213 3775 suorum
1231 3700 1502 3777 pontificalium

243 3820 353 3895 luerit
371 3846 437 3918 per
457 3820 649 3918 Europam
668 3819 945 3918 diplomaticam
966 3840 1143 3919 tanquam
1164 3846 1228 3894 rex
1248 3821 1448 3896 institutus.

282 4031 303 4072 1.
325 4017 427 4072 Exstat
449 4018 532 4088 hujus
551 4018 637 4075 libelli
660 4019 754 4075 versio
776 4020 903 4089 gallica:
924 4019 969 4074 La
991 4020 1085 4073 vln'tl
1098 4036 1153 4072 sur
1169 4018 1199 4071 la
1212 4011 1338 4089 question
1359 4019 1503 4088 Romaim,

242 4114 294 4168 par
307 4099 338 4151 B.
354 4098 388 4154 Ο.
403 4099 432 4152 S.
446 4098 534 4154 Paris.
550 4101 667 4154 Retaux.
682 4101 714 4153 ln
728 4099 857 4171 ejusdem
871 4099 1039 4169 praefatione
1052 4097 1154 4153 dicitur
1165 4099 1201 4153 de
1214 4099 1268 4153 hoc
1282 4098 1344 4168 ipso
1354 4100 1503 4169 opusculo:

243 4189 258 4233 ‹
274 4177 298 4230 ll
311 4177 383 4232 aete
396 4178 532 4248 compose
543 4180 700 4234 surl'ordre
710 4180 748 4234 du
765 4180 840 4249 Pape
851 4179 928 4232 Leon
938 4179 1024 4246 ΧΙΙΙ,
1039 4177 1153 4248 inspire,
1166 4194 1234 4234 revu
1248 4178 1355 4248 perlui,
1367 4179 1502 4233 retouche

243 4256 354 4328 d'aprds
368 4274 414 4313 ses
432 4258 612 4328 indications,
631 4269 658 4314 et
679 4258 697 4313 il
714 4270 757 4314 est
775 4258 844 4314 sorti
865 4258 901 4312 de
922 4258 949 4312 la
969 4258 1156 4328 typographie
1169 4257 1293 4329 speciale
1307 4258 1346 4312 du
1368 4259 1453 4329 Pape.
1472 4258 1502 4314 Si

242 4339 317 4392 donc
331 4337 350 4391 il
361 4339 431 4393 n'est
444 4354 496 4407 pas
507 4355 545 4393 un
559 4338 713 4394 document
727 4338 837 4405 official,
852 4338 870 4392 il
885 4348 928 4392 est
943 4353 1013 4406 pour
1023 4338 1049 4390 le
1063 4338 1156 4392 moins
1169 4337 1307 4392 officieux.
1322 4349 1337 4393 ›
1350 4336 1427 4407 (pag.
1448 4338 1484 4406 2.)

277 4433 300 4472 2.
322 4418 425 4486 Prelot,
437 4402 553 4487 Etudcs,
568 4420 596 4472 S.
606 4419 647 4488 J.,
661 4429 679 4473 t.
693 4419 737 4488 65,
750 4436 814 4489 pag.
832 4419 888 4472 181.
904 4417 988 4472 Nota.
1001 4417 1155 4485 Pallottini,
1169 4417 1364 4472 Sacerdotium
1371 4424 1398 4472 et
1411 4419 1502 4489 Impe-

240 4499 328 4564 rium,
344 4499 366 4565 1,
379 4515 440 4568 cap.
455 4513 480 4568 3,
493 4508 544 4553 art.
559 4513 583 4567 3.

277 4592 301 4646 3.
322 4578 363 4632 ef.
377 4578 521 4648 egregium
535 4595 607 4648 opus
621 4580 654 4633 R.
671 4579 700 4633 P.
715 4579 777 4632 Van
794 4580 911 4646 Duerm,
926 4578 953 4631 S.
967 4578 992 4648 J.
1012 4577 1192 4632 Vicissitudes
1207 4576 1361 4648 polt'lt'qucs
1375 4578 1415 4633 du
1431 4582 1502 4648 pou-

240 4659 307 4712 voir
316 4658 452 4728 temporel
461 4659 508 4712 des
518 4657 765 4728 papesde1790d
778 4655 1019 4728 nosjours.Typis
1032 4658 1121 4713 soc.S.
1136 4655 1380 4728 Augustiui‚1890‚
1392 4657 1501 4717 editum

245 4737 313 4807 1896
326 4738 379 4792 sub
393 4737 474 4793 titulo
487 4739 574 4793 Rome
586 4743 614 4793 c!
626 4739 654 4792 la
671 4738 960 4809 From-mafomrerie.

320 4856 379 4909 Papa
392 4856 418 4900 sir
432 4871 468 4900 rex
483 4857 567 4901 Roma.
