3496 5482
245 442 315 451 -—
323 443 764 452 ——--—-.---——.--.·
769 443 791 449 -.
1210 446 1495 455 m

242 486 313 574 362
650 502 744 552 narn
771 501 831 553 sn
858 502 933 553 unx
962 502 1089 555 noum

991 609 1222 615 ——.-—.-—-
1229 610 1288 616 -——
1294 609 1501 617 --.-—-———

240 661 422 739 catholica
440 662 610 738 audirent
630 662 689 737 vel
712 661 963 762 intelligerent
981 662 1076 737 hanc
1095 662 1291 737 veritatem
1309 663 1391 736 sine
1404 687 1497 761 prae·

240 781 418 857 dicante?

291 913 323 976 6.
339 901 454 998 Juvat
468 918 649 998 praeterea
667 899 726 975 hic
741 899 879 974 addere
894 897 1089 974 verbulum
1114 899 1162 973 ad
1175 899 1355 974 directam
1380 925 1499 998 oppu-

240 1018 459 1117 gnationem
480 1019 603 1117 impiae
621 1037 733 1093 sectae
749 1017 984 1104 Massonicae,
998 1043 1082 1116 quae
1097 1018 1145 1092 de
1158 1017 1256 1093 facto
1267 1044 1378 1093 causa
1390 1018 1498 1094 unica

240 1154 298 1212 est
316 1162 389 1236 qua
404 1138 621 1234 prohibetur
638 1136 838 1236 quominus
857 1153 986 1234 optata
1005 1136 1226 1233 restauratio
1238 1136 1334 1236 juris
1349 1154 1387 1212 et
1400 1137 1498 1212 ordi-

242 1255 299 1329 nis
314 1255 388 1331 fiat.
1274 1277 1275 1280 ’

294 1374 330 1448 N
335 1400 356 1449 e
369 1375 453 1472 quis
472 1373 571 1448 dicat
597 1398 688 1471 ergo
706 1373 796 1471 quid
824 1371 1010 1470 prodest?
1032 1373 1228 1472 Numquid
1248 1375 1344 1449 forte
1361 1373 1410 1449 ad
1428 1399 1498 1448 uos

240 1511 384 1591 spectat
411 1491 548 1567 bellum
579 1491 740 1580 indicere
762 1490 1005 1566 Massonibus
1036 1491 1100 1590 qui
1130 1491 1303 1590 procula
1331 1493 1440 1567 nobis
1459 1494 1496 1568 in

245 1610 444 1686 Peninsula
466 1610 595 1687 ltalica
613 1609 786 1710 degunt?

291 1730 475 1828 Apprime
493 1730 541 1803 ad
560 1754 691 1803 omnes
722 1728 925 1804 catholicos
949 1746 1103 1828 spectat,
1125 1748 1305 1828 quantum
1326 1746 1494 1828 possunt,

242 1846 408 1923 minuere
427 1873 469 1923 ac
488 1847 674 1922 infirmare
687 1831 866 1921 influxum
885 1873 960 1947 quo
976 1847 1305 1924 Massonesltalici
1325 1848 1496 1924 fruuntur

242 1984 280 2039 et
296 1965 363 2039 frui
380 1965 548 2039 nituntur
565 1965 602 2039 in
621 1963 702 2056 aliis
722 1965 937 2064 regionibus
956 1965 1156 2041 catholicis
1172 1966 1267 2061 Quis
1285 1966 1385 2042 enim
1404 1965 1495 2041 mihi

242 2082 334 2156 vitio
353 2099 515 2157 verteret
534 2082 565 2157 si
583 2108 788 2157 assererem
808 2082 893 2159 ideo
911 2102 1012 2159 certe
1030 2084 1277 2183 quaestionem
1286 2084 1496 2159 Romanam

244 2201 409 2276 nondum
440 2200 630 2277 meliorem
664 2201 839 2277 habuisse
868 2202 1020 2289 exitum,
1040 2202 1362 2301 quaestionemque
1379 2201 1496 2277 socia·

242 2318 316 2392 lem
332 2320 451 2417 magis
470 2319 665 2418 magisque
688 2319 897 2417 periclitari,
916 2321 1003 2418 quia
1022 2320 1188 2418 plurimis
1206 2320 1398 2419 guberniis
1419 2320 1497 2394 Eu·

243 2461 344 2534 ropae
364 2462 465 2534 saepe
483 2436 709 2535 praefuerunt
731 2436 883 2512 asseclae
902 2456 1014 2513 seetae
1032 2439 1095 2537 qui
1116 2438 1253 2514 nedum
1274 2438 1496 2513 factionibus

248 2553 385 2629 Italicis
400 2573 624 2629 nocumento
639 2555 722 2640 sint,
744 2555 834 2652 ipsis
853 2555 981 2631 favent
1000 2556 1035 2629 in
1056 2557 1167 2631 rebus
1187 2556 1377 2654 politicis?

294 2680 455 2756 Cessent
474 2680 726 2755 immixtiones
750 2700 862 2756 sectae
886 2682 922 2755 in
942 2681 1099 2780 singulis
1117 2683 1309 2782 guberniis
1332 2683 1497 2780 Europae

244 2820 281 2876 et
299 2802 404 2876 brevi
424 2800 507 2875 finis
526 2801 738 2899 imponetur
755 2803 978 2901 arrogantiae
1001 2802 1179 2876 Italorum
1201 2803 1424 2878 Massonum
1443 2801 1496 2876 sic

244 2944 316 3017 ope
335 2918 455 2993 aliena
473 2945 516 2992 ac
534 2919 766 3016 protectione
785 2919 1058 2995 destitutorum.

299 3038 400 3112 Hinc
420 3039 507 3112 felix
521 3039 724 3136 incoeptum
739 3040 846 3136 primi
859 3064 1082 3138 congressus
1098 3039 1391 3114 internationalis
1405 3038 1498 3114 anti·

246 3157 454 3244 massonici,
472 3157 542 3231 hoc
557 3183 656 3233 anno
671 3158 843 3232 Tridenti
858 3159 1043 3244 celebrati,
1054 3159 1366 3256 applaudentibus
1381 3159 1499 3232 omni·

246 3275 314 3348 bus
333 3275 524 3349 catholicis
543 3296 580 3349 et
599 3294 639 3348 ut
659 3276 710 3349 ita
727 3276 848 3349 dicam
867 3277 937 3350 sub
955 3277 1130 3374 auspiciis
1148 3278 1259 3374 Papae
1276 3295 1313 3351 et
1336 3276 1500 3374 Impera·

247 3396 337 3469 toris
367 3396 540 3479 Austriae,
558 3396 615 3468 eui
644 3396 756 3470 coetui
790 3394 888 3469 mille
912 3397 1119 3494 quingenta
1149 3396 1303 3470 aderant
1322 3397 1500 3481 membra,

245 3539 404 3610 quorum
431 3512 544 3612 longe
581 3513 698 3611 major
729 3539 814 3609 pars
830 3539 875 3587 ex
895 3513 1011 3598 Italia,
1033 3513 1121 3587 dum
1141 3532 1290 3587 centurn
1319 3513 1499 3611 quinqua·

245 3635 350 3733 ginta
370 3634 499 3732 ¹legati
528 3635 691 3731 undique
722 3659 769 3707 ex
801 3632 931 3716 Gallia,
971 3634 1134 3721 Austria,
1168 3634 1381 3719 Germania,
1411 3634 1501 3708 His·

245 3753 364 3851 pania,
377 3752 577 3837 Lusitania,
595 3751 734 3850 Belgio,
749 3751 951 3826 Hollandia
965 3771 1002 3827 et
1013 3753 1188 3826 America
1201 3749 1498 3852 advenerunt(¹).

301 3875 367 3959 lta,
388 3892 428 3947 ut
447 3891 547 3948 recte
565 3874 716 3970 quidam
732 3874 1005 3960 animadvertit,
1020 3899 1041 3946 e
1057 3898 1231 3947 successu
1246 3872 1356 3969 hujus
1371 3871 1501 3969 primae

245 3991 505 4065 conventionis
531 3990 750 4065 universalis
770 3991 806 4064 in
827 4016 962 4088 agmen
987 3991 1244 4064 Massonicum
1272 4006 1498 4073 convocatae,

246 4129 392 4184 constat
411 4111 608 4185 manifesto
621 4136 841 4209 progressus
856 4109 1123 4183 catholicorum
1143 4109 1324 4183 adversus
1337 4108 1500 4184 hostium

246 4250 411 4305 conatus.

299 4348 497 4446 Equidem,
515 4349 593 4447 jam
615 4368 701 4422 ante
725 4349 846 4423 Breve
858 4349 919 4422 die
940 4373 957 4421 2
975 4348 1208 4446 Septembris
1223 4349 1374 4433 editum,
1391 4348 1501 4423 Sum·

246 4493 327 4538 mus
362 4465 535 4537 Pontifex
566 4467 601 4538 in
632 4465 855 4540 allocutione
885 4466 959 4539 diei
990 4473 1033 4540 16
1053 4466 1216 4563 Augusti
1240 4466 1288 4539 ad
1315 4491 1380 4541 eos
1400 4444 1521 4539 vitos·

284 4676 305 4714 1.
320 4652 427 4716 Etucles
440 4660 540 4730 limga,
555 4671 621 4712 tom.
637 4660 680 4727 69,
698 4661 772 4726 1896,
785 4676 811 4731 p.
826 4662 885 4728 381.
