<?xml version="1.0" encoding="UTF-8"?>
<!DOCTYPE html PUBLIC "-//W3C//DTD XHTML 1.0 Transitional//EN"
    "http://www.w3.org/TR/xhtml1/DTD/xhtml1-transitional.dtd">
<html xmlns="http://www.w3.org/1999/xhtml" xml:lang="en" lang="en">
 <head>
  <title>
</title>
<meta http-equiv="Content-Type" content="text/html;charset=utf-8" />
  <meta name='ocr-system' content='tesseract 3.04.00' />
  <meta name='ocr-capabilities' content='ocr_page ocr_carea ocr_par ocr_line ocrx_word'/>
</head>
<body>
  <div class='ocr_page' id='page_1' title='image "./papasitrexromae00godtgoog/papasitrexromae00godtgoog_0298.png"; bbox 0 0 3496 5482; ppageno 0'>
   <div class='ocr_carea' id='block_1_1' title="bbox 258 464 590 472">
    <p class='ocr_par' dir='ltr' id='par_1_1' title="bbox 258 464 590 472">
     <span class='ocr_line' id='line_1_1' title="bbox 258 464 590 472; baseline 0 0"><span class='ocrx_word' id='word_1_1' title='bbox 258 464 590 472; x_wconf 76' lang='lat'><em>—-—--—.—-——.—-</em></span> 
     </span>
    </p>
   </div>
   <div class='ocr_carea' id='block_1_2' title="bbox 673 513 1514 603">
    <p class='ocr_par' dir='ltr' id='par_1_2' title="bbox 673 513 1514 603">
     <span class='ocr_line' id='line_1_2' title="bbox 673 513 1514 603; baseline 0.004 -23"><span class='ocrx_word' id='word_1_2' title='bbox 673 529 795 582; x_wconf 75' lang='lat' dir='ltr'>canus</span> <span class='ocrx_word' id='word_1_3' title='bbox 821 530 1092 583; x_wconf 80' lang='lat' dir='ltr'>nuonscmuu.</span> <span class='ocrx_word' id='word_1_4' title='bbox 1390 587 1395 603; x_wconf 52' lang='grc'><em>,</em></span> <span class='ocrx_word' id='word_1_5' title='bbox 1444 513 1514 602; x_wconf 84' lang='lat'>283</span> 
     </span>
    </p>
   </div>
   <div class='ocr_carea' id='block_1_3' title="bbox 165 688 1533 4557">
    <p class='ocr_par' dir='ltr' id='par_1_3' title="bbox 253 688 1533 1372">
     <span class='ocr_line' id='line_1_3' title="bbox 304 688 1512 791; baseline 0.005 -31"><span class='ocrx_word' id='word_1_6' title='bbox 304 688 317 760; x_wconf 97' lang='lat' dir='ltr'>l</span> <span class='ocrx_word' id='word_1_7' title='bbox 324 705 361 761; x_wconf 91' lang='lat' dir='ltr'>ta</span> <span class='ocrx_word' id='word_1_8' title='bbox 376 689 626 785; x_wconf 84' lang='lat' dir='ltr'>peremptorie</span> <span class='ocrx_word' id='word_1_9' title='bbox 637 690 732 764; x_wconf 89' lang='lat' dir='ltr'>tritis</span> <span class='ocrx_word' id='word_1_10' title='bbox 742 689 1017 789; x_wconf 91' lang='lat' dir='ltr'>objectionibus</span> <span class='ocrx_word' id='word_1_11' title='bbox 1028 693 1231 788; x_wconf 88' lang='lat' dir='ltr'>respondet</span> <span class='ocrx_word' id='word_1_12' title='bbox 1243 693 1323 766; x_wconf 88' lang='lat' dir='ltr'>Leo</span> <span class='ocrx_word' id='word_1_13' title='bbox 1339 692 1444 766; x_wconf 89' lang='lat' dir='ltr'>Xl&#39;ll</span> <span class='ocrx_word' id='word_1_14' title='bbox 1457 689 1512 791; x_wconf 83' lang='lat'>(¹).</span> 
     </span>
     <span class='ocr_line' id='line_1_4' title="bbox 256 805 1514 910; baseline 0.006 -32"><span class='ocrx_word' id='word_1_15' title='bbox 256 805 411 880; x_wconf 82' lang='lat' dir='ltr'>Utinam</span> <span class='ocrx_word' id='word_1_16' title='bbox 426 807 560 880; x_wconf 92' lang='lat' dir='ltr'>summi</span> <span class='ocrx_word' id='word_1_17' title='bbox 580 807 757 881; x_wconf 92' lang='lat' dir='ltr'>Doctoris</span> <span class='ocrx_word' id='word_1_18' title='bbox 775 827 978 906; x_wconf 90' lang='lat' dir='ltr'>conceptus</span> <span class='ocrx_word' id='word_1_19' title='bbox 994 810 1031 884; x_wconf 94' lang='lat' dir='ltr'>in</span> <span class='ocrx_word' id='word_1_20' title='bbox 1045 811 1212 884; x_wconf 91' lang='lat' dir='ltr'>omnium</span> <span class='ocrx_word' id='word_1_21' title='bbox 1229 829 1375 886; x_wconf 90' lang='lat' dir='ltr'>mentes</span> <span class='ocrx_word' id='word_1_22' title='bbox 1396 811 1514 910; x_wconf 88' lang='lat' dir='ltr'>magis</span> 
     </span>
     <span class='ocr_line' id='line_1_5' title="bbox 255 922 742 1022; baseline 0.008 -27"><span class='ocrx_word' id='word_1_23' title='bbox 255 922 449 1022; x_wconf 85' lang='lat' dir='ltr'>magisque</span> <span class='ocrx_word' id='word_1_24' title='bbox 468 925 718 1022; x_wconf 85' lang='lat' dir='ltr'>pervaderent</span> <span class='ocrx_word' id='word_1_25' title='bbox 736 927 742 999; x_wconf 75' lang='grc' dir='ltr'>Ι</span> 
     </span>
     <span class='ocr_line' id='line_1_6' title="bbox 266 1043 1513 1141; baseline 0.002 -28"><span class='ocrx_word' id='word_1_26' title='bbox 266 1072 269 1076; x_wconf 70' lang='grc'>’</span> <span class='ocrx_word' id='word_1_27' title='bbox 306 1055 355 1114; x_wconf 89' lang='grc'>11.</span> <span class='ocrx_word' id='word_1_28' title='bbox 377 1043 473 1138; x_wconf 84' lang='lat' dir='ltr'>Quae</span> <span class='ocrx_word' id='word_1_29' title='bbox 492 1069 574 1116; x_wconf 92' lang='lat' dir='ltr'>cum</span> <span class='ocrx_word' id='word_1_30' title='bbox 591 1044 640 1119; x_wconf 92' lang='lat' dir='ltr'>ita</span> <span class='ocrx_word' id='word_1_31' title='bbox 652 1045 736 1130; x_wconf 91' lang='lat' dir='ltr'>sint,</span> <span class='ocrx_word' id='word_1_32' title='bbox 752 1043 872 1119; x_wconf 93' lang='lat' dir='ltr'>solum</span> <span class='ocrx_word' id='word_1_33' title='bbox 892 1063 929 1120; x_wconf 89' lang='lat' dir='ltr'>et</span> <span class='ocrx_word' id='word_1_34' title='bbox 949 1045 1096 1119; x_wconf 92' lang='lat' dir='ltr'>unicum</span> <span class='ocrx_word' id='word_1_35' title='bbox 1112 1043 1346 1119; x_wconf 87' lang='lat' dir='ltr'>obstaculum</span> <span class='ocrx_word' id='word_1_36' title='bbox 1365 1044 1513 1141; x_wconf 90' lang='lat' dir='ltr'>apposi-</span> 
     </span>
     <span class='ocr_line' id='line_1_7' title="bbox 254 1159 1533 1261; baseline 0.001 -29"><span class='ocrx_word' id='word_1_37' title='bbox 254 1176 332 1233; x_wconf 91' lang='lat' dir='ltr'>tum</span> <span class='ocrx_word' id='word_1_38' title='bbox 351 1160 398 1233; x_wconf 91' lang='lat' dir='ltr'>ad</span> <span class='ocrx_word' id='word_1_39' title='bbox 418 1163 726 1237; x_wconf 87' lang='lat' dir='ltr'>restaurationem</span> <span class='ocrx_word' id='word_1_40' title='bbox 741 1163 836 1261; x_wconf 89' lang='lat' dir='ltr'>juris</span> <span class='ocrx_word' id='word_1_41' title='bbox 854 1162 931 1236; x_wconf 84' lang='lat' dir='ltr'>laesi</span> <span class='ocrx_word' id='word_1_42' title='bbox 951 1182 1064 1261; x_wconf 89' lang='lat' dir='ltr'>atque</span> <span class='ocrx_word' id='word_1_43' title='bbox 1084 1163 1221 1237; x_wconf 91' lang='lat' dir='ltr'>turbati</span> <span class='ocrx_word' id='word_1_44' title='bbox 1235 1160 1377 1235; x_wconf 90' lang='lat' dir='ltr'>ordinis</span> <span class='ocrx_word' id='word_1_45' title='bbox 1398 1159 1533 1234; x_wconf 86' lang='lat' dir='ltr'>socia·&#39;</span> 
     </span>
     <span class='ocr_line' id='line_1_8' title="bbox 253 1273 1163 1372; baseline 0.007 -24"><span class='ocrx_word' id='word_1_46' title='bbox 253 1273 296 1348; x_wconf 91' lang='lat' dir='ltr'>lis</span> <span class='ocrx_word' id='word_1_47' title='bbox 316 1294 418 1372; x_wconf 91' lang='lat' dir='ltr'>patet</span> <span class='ocrx_word' id='word_1_48' title='bbox 437 1302 521 1352; x_wconf 88' lang='lat' dir='ltr'>esse</span> <span class='ocrx_word' id='word_1_49' title='bbox 540 1277 707 1352; x_wconf 88' lang='lat' dir='ltr'>malefica</span> <span class='ocrx_word' id='word_1_50' title='bbox 726 1298 829 1354; x_wconf 89' lang='lat' dir='ltr'>secta</span> <span class='ocrx_word' id='word_1_51' title='bbox 843 1280 913 1353; x_wconf 90' lang='lat' dir='ltr'>ista</span> <span class='ocrx_word' id='word_1_52' title='bbox 929 1280 1163 1354; x_wconf 90' lang='lat' dir='ltr'>Massonum.</span> 
     </span>
    </p>

    <p class='ocr_par' dir='ltr' id='par_1_4' title="bbox 165 1393 1518 3500">
     <span class='ocr_line' id='line_1_9' title="bbox 307 1393 1512 1495; baseline 0.005 -29"><span class='ocrx_word' id='word_1_53' title='bbox 307 1393 422 1467; x_wconf 89' lang='lat' dir='ltr'>Haud</span> <span class='ocrx_word' id='word_1_54' title='bbox 438 1394 622 1469; x_wconf 92' lang='lat' dir='ltr'>immerito</span> <span class='ocrx_word' id='word_1_55' title='bbox 637 1421 727 1495; x_wconf 89' lang='lat' dir='ltr'>ergo</span> <span class='ocrx_word' id='word_1_56' title='bbox 744 1397 824 1471; x_wconf 92' lang='lat' dir='ltr'>Leo</span> <span class='ocrx_word' id='word_1_57' title='bbox 839 1398 896 1471; x_wconf 95' lang='lat' dir='ltr'>Xl</span> <span class='ocrx_word' id='word_1_58' title='bbox 908 1398 943 1470; x_wconf 98' lang='lat' dir='ltr'>ll</span> <span class='ocrx_word' id='word_1_59' title='bbox 963 1397 1047 1471; x_wconf 87' lang='lat' dir='ltr'>huic</span> <span class='ocrx_word' id='word_1_60' title='bbox 1063 1397 1153 1471; x_wconf 92' lang='lat' dir='ltr'>vitio</span> <span class='ocrx_word' id='word_1_61' title='bbox 1169 1399 1281 1473; x_wconf 90' lang='lat' dir='ltr'>vertit</span> <span class='ocrx_word' id='word_1_62' title='bbox 1302 1424 1374 1472; x_wconf 91' lang='lat' dir='ltr'>non</span> <span class='ocrx_word' id='word_1_63' title='bbox 1391 1397 1512 1472; x_wconf 91' lang='lat' dir='ltr'>solum</span> 
     </span>
     <span class='ocr_line' id='line_1_10' title="bbox 253 1509 1513 1610; baseline 0.006 -28"><span class='ocrx_word' id='word_1_64' title='bbox 253 1509 511 1606; x_wconf 89' lang='lat' dir='ltr'>spoliationem</span> <span class='ocrx_word' id='word_1_65' title='bbox 533 1512 622 1587; x_wconf 90' lang='lat' dir='ltr'>Sedi</span> <span class='ocrx_word' id='word_1_66' title='bbox 641 1513 871 1610; x_wconf 85' lang='lat' dir='ltr'>Apostolicae</span> <span class='ocrx_word' id='word_1_67' title='bbox 891 1515 1039 1603; x_wconf 90' lang='lat' dir='ltr'>illatam,</span> <span class='ocrx_word' id='word_1_68' title='bbox 1057 1515 1124 1591; x_wconf 92' lang='lat' dir='ltr'>sed</span> <span class='ocrx_word' id='word_1_69' title='bbox 1144 1534 1181 1589; x_wconf 91' lang='lat' dir='ltr'>et</span> <span class='ocrx_word' id='word_1_70' title='bbox 1202 1517 1395 1591; x_wconf 89' lang='lat' dir='ltr'>innumera</span> <span class='ocrx_word' id='word_1_71' title='bbox 1416 1515 1513 1590; x_wconf 92' lang='lat' dir='ltr'>mala</span> 
     </span>
     <span class='ocr_line' id='line_1_11' title="bbox 252 1628 1511 1725; baseline 0.006 -24"><span class='ocrx_word' id='word_1_72' title='bbox 252 1652 337 1725; x_wconf 87' lang='lat' dir='ltr'>quae</span> <span class='ocrx_word' id='word_1_73' title='bbox 355 1628 534 1704; x_wconf 89' lang='lat' dir='ltr'>Societati</span> <span class='ocrx_word' id='word_1_74' title='bbox 548 1631 769 1705; x_wconf 84' lang='lat' dir='ltr'>Christianae</span> <span class='ocrx_word' id='word_1_75' title='bbox 784 1631 885 1705; x_wconf 90' lang='lat' dir='ltr'>civili</span> <span class='ocrx_word' id='word_1_76' title='bbox 896 1633 1130 1709; x_wconf 89' lang='lat' dir='ltr'>obvenerunt</span> <span class='ocrx_word' id='word_1_77' title='bbox 1147 1634 1216 1708; x_wconf 93' lang='lat' dir='ltr'>hoc</span> <span class='ocrx_word' id='word_1_78' title='bbox 1232 1635 1367 1709; x_wconf 90' lang='lat' dir='ltr'>misero</span> <span class='ocrx_word' id='word_1_79' title='bbox 1383 1652 1511 1709; x_wconf 89' lang='lat' dir='ltr'>nostro</span> 
     </span>
     <span class='ocr_line' id='line_1_12' title="bbox 252 1747 1509 1849; baseline 0.006 -30"><span class='ocrx_word' id='word_1_80' title='bbox 252 1763 431 1843; x_wconf 90' lang='lat' dir='ltr'>tempore.</span> <span class='ocrx_word' id='word_1_81' title='bbox 456 1747 708 1844; x_wconf 81' lang='lat' dir='ltr'>&#39;‘Apostolica</span> <span class='ocrx_word' id='word_1_82' title='bbox 738 1749 859 1824; x_wconf 88' lang='lat' dir='ltr'>Sedes</span> <span class='ocrx_word' id='word_1_83' title='bbox 890 1750 1126 1824; x_wconf 91' lang='lat' dir='ltr'>denuntiavit</span> <span class='ocrx_word' id='word_1_84' title='bbox 1156 1770 1361 1849; x_wconf 87' lang='lat' dir='ltr'>aperteque</span> <span class='ocrx_word' id='word_1_85' title='bbox 1390 1752 1509 1827; x_wconf 84' lang='lat' dir='ltr'>edixit</span> 
     </span>
     <span class='ocr_line' id='line_1_13' title="bbox 250 1864 1511 1963; baseline 0.006 -27"><span class='ocrx_word' id='word_1_86' title='bbox 250 1883 391 1937; x_wconf 90' lang='lat' dir='ltr'>sectam</span> <span class='ocrx_word' id='word_1_87' title='bbox 414 1864 645 1950; x_wconf 89' lang='lat' dir='ltr'>Massonum,</span> <span class='ocrx_word' id='word_1_88' title='bbox 665 1884 795 1939; x_wconf 92' lang='lat' dir='ltr'>contra</span> <span class='ocrx_word' id='word_1_89' title='bbox 815 1866 870 1939; x_wconf 93' lang='lat' dir='ltr'>ius</span> <span class='ocrx_word' id='word_1_90' title='bbox 890 1866 1020 1963; x_wconf 81' lang='lat' dir='ltr'>sasque</span> <span class='ocrx_word' id='word_1_91' title='bbox 1044 1867 1261 1957; x_wconf 88' lang='lat' dir='ltr'>institutam,</span> <span class='ocrx_word' id='word_1_92' title='bbox 1285 1895 1360 1943; x_wconf 93' lang='lat' dir='ltr'>non</span> <span class='ocrx_word' id='word_1_93' title='bbox 1390 1871 1511 1944; x_wconf 91' lang='lat' dir='ltr'>minus</span> 
     </span>
     <span class='ocr_line' id='line_1_14' title="bbox 251 1982 1510 2085; baseline 0.006 -30"><span class='ocrx_word' id='word_1_94' title='bbox 251 2006 335 2056; x_wconf 86' lang='lat' dir='ltr'>esse</span> <span class='ocrx_word' id='word_1_95' title='bbox 352 1982 576 2057; x_wconf 89' lang='lat' dir='ltr'>christianae</span> <span class='ocrx_word' id='word_1_96' title='bbox 596 1984 657 2066; x_wconf 91' lang='lat' dir='ltr'>rei,</span> <span class='ocrx_word' id='word_1_97' title='bbox 674 2009 785 2081; x_wconf 89' lang='lat' dir='ltr'>quam</span> <span class='ocrx_word' id='word_1_98' title='bbox 802 1984 943 2058; x_wconf 89' lang='lat' dir='ltr'>civitati</span> <span class='ocrx_word' id='word_1_99' title='bbox 958 1985 1216 2081; x_wconf 85' lang='lat' dir='ltr'>perniciosam,</span> <span class='ocrx_word' id='word_1_100' title='bbox 1234 1988 1510 2085; x_wconf 89' lang='lat' dir='ltr'>propositisque</span> 
     </span>
     <span class='ocr_line' id='line_1_15' title="bbox 165 2100 1506 2200; baseline 0.004 -27"><span class='ocrx_word' id='word_1_101' title='bbox 165 2112 171 2119; x_wconf 86' lang='lat'><em>&#39;</em></span> <span class='ocrx_word' id='word_1_102' title='bbox 255 2101 539 2198; x_wconf 89' lang='lat' dir='ltr'>poenis‚quibus</span> <span class='ocrx_word' id='word_1_103' title='bbox 554 2101 648 2176; x_wconf 90' lang='lat' dir='ltr'>solet</span> <span class='ocrx_word' id='word_1_104' title='bbox 659 2100 829 2176; x_wconf 88' lang='lat' dir='ltr'>Ecclesia</span> <span class='ocrx_word' id='word_1_105' title='bbox 841 2103 993 2200; x_wconf 91' lang='lat' dir='ltr'>gravius</span> <span class='ocrx_word' id='word_1_106' title='bbox 1006 2103 1042 2175; x_wconf 91' lang='lat' dir='ltr'>in</span> <span class='ocrx_word' id='word_1_107' title='bbox 1057 2122 1185 2177; x_wconf 92' lang='lat' dir='ltr'>sontes</span> <span class='ocrx_word' id='word_1_108' title='bbox 1199 2105 1506 2192; x_wconf 90' lang='lat' dir='ltr'>animadvertere,</span> 
     </span>
     <span class='ocr_line' id='line_1_16' title="bbox 251 2217 1510 2316; baseline 0.006 -26"><span class='ocrx_word' id='word_1_109' title='bbox 251 2217 442 2292; x_wconf 86' lang='lat' dir='ltr'>interdixit</span> <span class='ocrx_word' id='word_1_110' title='bbox 459 2236 573 2316; x_wconf 91' lang='lat' dir='ltr'>atque</span> <span class='ocrx_word' id='word_1_111' title='bbox 592 2219 787 2315; x_wconf 89' lang='lat' dir='ltr'>imperavit</span> <span class='ocrx_word' id='word_1_112' title='bbox 804 2220 949 2316; x_wconf 90' lang='lat' dir='ltr'>nequis</span> <span class='ocrx_word' id='word_1_113' title='bbox 964 2219 1013 2293; x_wconf 90' lang='lat' dir='ltr'>illi</span> <span class='ocrx_word' id='word_1_114' title='bbox 1029 2245 1166 2296; x_wconf 89' lang='lat' dir='ltr'>nomen</span> <span class='ocrx_word' id='word_1_115' title='bbox 1182 2222 1350 2296; x_wconf 89' lang='lat' dir='ltr'>societati</span> <span class='ocrx_word' id='word_1_116' title='bbox 1369 2223 1510 2298; x_wconf 88' lang='lat' dir='ltr'>daret.”</span> 
     </span>
     <span class='ocr_line' id='line_1_17' title="bbox 250 2334 1509 2436; baseline 0.004 -28"><span class='ocrx_word' id='word_1_117' title='bbox 250 2334 532 2410; x_wconf 86' lang='lat' dir='ltr'>—‘⁴Ecclesiae</span> <span class='ocrx_word' id='word_1_118' title='bbox 550 2355 701 2410; x_wconf 89' lang='lat' dir='ltr'>sanctae</span> <span class='ocrx_word' id='word_1_119' title='bbox 720 2338 920 2433; x_wconf 90' lang='lat' dir='ltr'>perniciem</span> <span class='ocrx_word' id='word_1_120' title='bbox 940 2336 1061 2434; x_wconf 92' lang='lat' dir='ltr'>palam</span> <span class='ocrx_word' id='word_1_121' title='bbox 1078 2357 1280 2436; x_wconf 89' lang='lat' dir='ltr'>aperteque</span> <span class='ocrx_word' id='word_1_122' title='bbox 1297 2338 1509 2427; x_wconf 90' lang='lat' dir='ltr'>moliuntur,</span> 
     </span>
     <span class='ocr_line' id='line_1_18' title="bbox 251 2451 1508 2554; baseline 0.005 -28"><span class='ocrx_word' id='word_1_123' title='bbox 251 2451 363 2550; x_wconf 87' lang='lat' dir='ltr'>idque</span> <span class='ocrx_word' id='word_1_124' title='bbox 383 2480 429 2528; x_wconf 93' lang='lat' dir='ltr'>eo</span> <span class='ocrx_word' id='word_1_125' title='bbox 449 2455 651 2551; x_wconf 89' lang='lat' dir='ltr'>proposit0,</span> <span class='ocrx_word' id='word_1_126' title='bbox 673 2473 713 2528; x_wconf 91' lang='lat' dir='ltr'>ut</span> <span class='ocrx_word' id='word_1_127' title='bbox 744 2475 878 2554; x_wconf 86' lang='lat' dir='ltr'>gentes</span> <span class='ocrx_word' id='word_1_128' title='bbox 906 2456 1127 2530; x_wconf 88' lang='lat' dir='ltr'>christianas</span> <span class='ocrx_word' id='word_1_129' title='bbox 1147 2458 1262 2553; x_wconf 91' lang='lat' dir='ltr'>partis</span> <span class='ocrx_word' id='word_1_130' title='bbox 1292 2483 1358 2554; x_wconf 91' lang='lat' dir='ltr'>per</span> <span class='ocrx_word' id='word_1_131' title='bbox 1387 2458 1508 2532; x_wconf 83' lang='lat' dir='ltr'>lnsuu</span> 
     </span>
     <span class='ocr_line' id='line_1_19' title="bbox 250 2571 1508 2670; baseline 0.002 -25"><span class='ocrx_word' id='word_1_132' title='bbox 250 2571 458 2645; x_wconf 78' lang='lat' dir='ltr'>Cnnrsruu</span> <span class='ocrx_word' id='word_1_133' title='bbox 492 2572 732 2647; x_wconf 88' lang='lat' dir='ltr'>Servatorem</span> <span class='ocrx_word' id='word_1_134' title='bbox 762 2572 962 2658; x_wconf 68' lang='lat' dir='ltr'>beneficiis</span> <span class='ocrx_word' id='word_1_135' title='bbox 995 2574 1025 2646; x_wconf 91' lang='lat' dir='ltr'>si</span> <span class='ocrx_word' id='word_1_136' title='bbox 1062 2572 1141 2647; x_wconf 89' lang='lat' dir='ltr'>fieri</span> <span class='ocrx_word' id='word_1_137' title='bbox 1171 2592 1310 2670; x_wconf 92' lang='lat' dir='ltr'>posset,</span> <span class='ocrx_word' id='word_1_138' title='bbox 1343 2573 1508 2648; x_wconf 80' lang='lat' dir='ltr'>funditus</span> 
     </span>
     <span class='ocr_line' id='line_1_20' title="bbox 249 2688 1518 2788; baseline 0.001 -27"><span class='ocrx_word' id='word_1_139' title='bbox 249 2688 469 2786; x_wconf 90' lang='lat' dir='ltr'>despolient.</span> <span class='ocrx_word' id='word_1_140' title='bbox 488 2691 561 2746; x_wconf 90' lang='lat'>&#39;’-</span> <span class='ocrx_word' id='word_1_141' title='bbox 576 2702 596 2727; x_wconf 80' lang='lat'>‘¹</span> <span class='ocrx_word' id='word_1_142' title='bbox 616 2691 738 2764; x_wconf 93' lang='lat' dir='ltr'>Unius</span> <span class='ocrx_word' id='word_1_143' title='bbox 757 2690 894 2764; x_wconf 86' lang='lat' dir='ltr'>saeculi</span> <span class='ocrx_word' id='word_1_144' title='bbox 913 2690 1131 2788; x_wconf 89' lang='lat' dir='ltr'>dimiatique</span> <span class='ocrx_word' id='word_1_145' title='bbox 1147 2691 1267 2787; x_wconf 91' lang='lat' dir='ltr'>spatio</span> <span class='ocrx_word' id='word_1_146' title='bbox 1280 2710 1382 2764; x_wconf 92' lang='lat' dir='ltr'>secta</span> <span class='ocrx_word' id='word_1_147' title='bbox 1405 2690 1518 2787; x_wconf 25' lang='lat' dir='ltr'>Mas-¹</span> 
     </span>
     <span class='ocr_line' id='line_1_21' title="bbox 248 2809 1508 2907; baseline 0 -26"><span class='ocrx_word' id='word_1_148' title='bbox 248 2833 382 2882; x_wconf 93' lang='lat' dir='ltr'>sonum</span> <span class='ocrx_word' id='word_1_149' title='bbox 402 2809 449 2883; x_wconf 92' lang='lat' dir='ltr'>ad</span> <span class='ocrx_word' id='word_1_150' title='bbox 465 2810 694 2884; x_wconf 88' lang='lat' dir='ltr'>incrementa</span> <span class='ocrx_word' id='word_1_151' title='bbox 713 2809 928 2907; x_wconf 90' lang='lat' dir='ltr'>properavit</span> <span class='ocrx_word' id='word_1_152' title='bbox 946 2811 1122 2907; x_wconf 92' lang='lat' dir='ltr'>opinione</span> <span class='ocrx_word' id='word_1_153' title='bbox 1143 2809 1328 2882; x_wconf 87' lang='lat' dir='ltr'>maiora...</span> <span class='ocrx_word' id='word_1_154' title='bbox 1351 2836 1359 2882; x_wconf 90' lang='lat'>:</span> <span class='ocrx_word' id='word_1_155' title='bbox 1378 2826 1415 2882; x_wconf 92' lang='lat' dir='ltr'>et</span> <span class='ocrx_word' id='word_1_156' title='bbox 1430 2827 1508 2882; x_wconf 89' lang='lat' dir='ltr'>tan·</span> 
     </span>
     <span class='ocr_line' id='line_1_22' title="bbox 249 2926 1507 3024; baseline -0.001 -25"><span class='ocrx_word' id='word_1_157' title='bbox 249 2943 326 2999; x_wconf 91' lang='lat' dir='ltr'>tum</span> <span class='ocrx_word' id='word_1_158' title='bbox 347 2927 417 3000; x_wconf 91' lang='lat' dir='ltr'>iam</span> <span class='ocrx_word' id='word_1_159' title='bbox 439 2953 550 3024; x_wconf 90' lang='lat' dir='ltr'>posse</span> <span class='ocrx_word' id='word_1_160' title='bbox 569 2928 677 3024; x_wconf 85' lang='lat' dir='ltr'>cepit,</span> <span class='ocrx_word' id='word_1_161' title='bbox 700 2945 738 3000; x_wconf 93' lang='lat' dir='ltr'>ut</span> <span class='ocrx_word' id='word_1_162' title='bbox 758 2952 874 3022; x_wconf 90' lang='lat' dir='ltr'>prope</span> <span class='ocrx_word' id='word_1_163' title='bbox 893 2927 1075 3000; x_wconf 89' lang='lat' dir='ltr'>dominari</span> <span class='ocrx_word' id='word_1_164' title='bbox 1095 2928 1132 3000; x_wconf 92' lang='lat' dir='ltr'>in</span> <span class='ocrx_word' id='word_1_165' title='bbox 1151 2926 1366 3000; x_wconf 91' lang='lat' dir='ltr'>civitatibus</span> <span class='ocrx_word' id='word_1_166' title='bbox 1381 2926 1507 3000; x_wconf 87' lang='lat' dir='ltr'>videa·</span> 
     </span>
     <span class='ocr_line' id='line_1_23' title="bbox 247 3042 1506 3142; baseline 0.002 -27"><span class='ocrx_word' id='word_1_167' title='bbox 247 3060 315 3117; x_wconf 93' lang='lat' dir='ltr'>tur.</span> <span class='ocrx_word' id='word_1_168' title='bbox 339 3044 399 3118; x_wconf 84' lang='lat' dir='ltr'>Ex</span> <span class='ocrx_word' id='word_1_169' title='bbox 430 3045 499 3119; x_wconf 93' lang='lat' dir='ltr'>hoc</span> <span class='ocrx_word' id='word_1_170' title='bbox 530 3063 655 3119; x_wconf 88' lang='lat' dir='ltr'>tamen</span> <span class='ocrx_word' id='word_1_171' title='bbox 685 3044 795 3119; x_wconf 90' lang='lat' dir='ltr'>celeri</span> <span class='ocrx_word' id='word_1_172' title='bbox 823 3044 1140 3142; x_wconf 83' lang='lat' dir='ltr'>formidolosoque</span> <span class='ocrx_word' id='word_1_173' title='bbox 1167 3070 1275 3117; x_wconf 92' lang='lat' dir='ltr'>cursu</span> <span class='ocrx_word' id='word_1_174' title='bbox 1295 3042 1355 3116; x_wconf 90' lang='lat' dir='ltr'>illa</span> <span class='ocrx_word' id='word_1_175' title='bbox 1376 3069 1506 3118; x_wconf 89' lang='lat' dir='ltr'>revera</span> 
     </span>
     <span class='ocr_line' id='line_1_24' title="bbox 247 3161 1506 3262; baseline 0.002 -28"><span class='ocrx_word' id='word_1_176' title='bbox 247 3179 304 3235; x_wconf 88' lang='lat' dir='ltr'>est</span> <span class='ocrx_word' id='word_1_177' title='bbox 320 3161 356 3235; x_wconf 90' lang='lat' dir='ltr'>in</span> <span class='ocrx_word' id='word_1_178' title='bbox 367 3164 581 3249; x_wconf 75' lang='lat' dir='ltr'>Ecclesiam,</span> <span class='ocrx_word' id='word_1_179' title='bbox 591 3166 626 3237; x_wconf 95' lang='lat' dir='ltr'>in</span> <span class='ocrx_word' id='word_1_180' title='bbox 629 3171 846 3262; x_wconf 78' lang='lat' dir='ltr'>potestatem</span> <span class='ocrx_word' id='word_1_181' title='bbox 861 3164 1136 3261; x_wconf 75' lang='lat' dir='ltr'>Principumin</span> <span class='ocrx_word' id='word_1_182' title='bbox 1149 3164 1306 3236; x_wconf 76' lang='lat' dir='ltr'>salutem</span> <span class='ocrx_word' id='word_1_183' title='bbox 1315 3163 1506 3260; x_wconf 74' lang='lat' dir='ltr'>publicam</span> 
     </span>
     <span class='ocr_line' id='line_1_25' title="bbox 246 3279 1505 3379; baseline 0.002 -27"><span class='ocrx_word' id='word_1_184' title='bbox 246 3281 427 3377; x_wconf 88' lang='lat' dir='ltr'>pernicies</span> <span class='ocrx_word' id='word_1_185' title='bbox 459 3301 667 3369; x_wconf 89' lang='lat' dir='ltr'>consecuta,</span> <span class='ocrx_word' id='word_1_186' title='bbox 699 3306 810 3379; x_wconf 92' lang='lat' dir='ltr'>quam</span> <span class='ocrx_word' id='word_1_187' title='bbox 846 3280 1076 3356; x_wconf 89' lang='lat' dir='ltr'>Decessores</span> <span class='ocrx_word' id='word_1_188' title='bbox 1105 3281 1236 3355; x_wconf 89' lang='lat' dir='ltr'>Nostri</span> <span class='ocrx_word' id='word_1_189' title='bbox 1270 3279 1387 3354; x_wconf 89' lang='lat' dir='ltr'>multo</span> <span class='ocrx_word' id='word_1_190' title='bbox 1418 3301 1505 3355; x_wconf 91' lang='lat' dir='ltr'>ante</span> 
     </span>
     <span class='ocr_line' id='line_1_26' title="bbox 248 3398 597 3500; baseline 0.009 -30"><span class='ocrx_word' id='word_1_191' title='bbox 248 3398 490 3494; x_wconf 89' lang='lat' dir='ltr'>providerant</span> <span class='ocrx_word' id='word_1_192' title='bbox 509 3398 563 3500; x_wconf 81' lang='lat'>(²).</span> <span class='ocrx_word' id='word_1_193' title='bbox 582 3400 597 3427; x_wconf 89' lang='grc'>”</span> 
     </span>
    </p>

    <p class='ocr_par' dir='ltr' id='par_1_5' title="bbox 295 3516 1224 3615">
     <span class='ocr_line' id='line_1_27' title="bbox 295 3516 1224 3615; baseline -0.001 -24"><span class='ocrx_word' id='word_1_194' title='bbox 295 3518 360 3614; x_wconf 83' lang='lat' dir='ltr'>A)</span> <span class='ocrx_word' id='word_1_195' title='bbox 380 3517 431 3592; x_wconf 90' lang='lat' dir='ltr'>Et</span> <span class='ocrx_word' id='word_1_196' title='bbox 450 3544 549 3605; x_wconf 88' lang='lat' dir='ltr'>sane,</span> <span class='ocrx_word' id='word_1_197' title='bbox 572 3520 652 3615; x_wconf 89' lang='lat' dir='ltr'>ipsa</span> <span class='ocrx_word' id='word_1_198' title='bbox 666 3537 723 3593; x_wconf 90' lang='lat' dir='ltr'>est</span> <span class='ocrx_word' id='word_1_199' title='bbox 744 3518 925 3615; x_wconf 90' lang='lat' dir='ltr'>pernicies</span> <span class='ocrx_word' id='word_1_200' title='bbox 946 3517 980 3591; x_wconf 94' lang='lat' dir='ltr'>in</span> <span class='ocrx_word' id='word_1_201' title='bbox 1004 3516 1224 3591; x_wconf 88' lang='lat' dir='ltr'>Ecclesiam.</span> 
     </span>
    </p>

    <p class='ocr_par' dir='ltr' id='par_1_6' title="bbox 240 3634 1501 4557">
     <span class='ocr_line' id='line_1_28' title="bbox 299 3634 1501 3734; baseline -0.003 -27"><span class='ocrx_word' id='word_1_202' title='bbox 299 3634 438 3709; x_wconf 93' lang='lat' dir='ltr'>Nonne</span> <span class='ocrx_word' id='word_1_203' title='bbox 474 3636 592 3734; x_wconf 89' lang='lat' dir='ltr'>rejicit</span> <span class='ocrx_word' id='word_1_204' title='bbox 624 3660 774 3709; x_wconf 91' lang='lat' dir='ltr'>omnem</span> <span class='ocrx_word' id='word_1_205' title='bbox 804 3634 1090 3713; x_wconf 86' lang='lat' dir='ltr'>Revelationem</span> <span class='ocrx_word' id='word_1_206' title='bbox 1119 3659 1345 3730; x_wconf 91' lang='lat' dir='ltr'>omnemque</span> <span class='ocrx_word' id='word_1_207' title='bbox 1374 3650 1501 3705; x_wconf 89' lang='lat' dir='ltr'>aucto·</span> 
     </span>
     <span class='ocr_line' id='line_1_29' title="bbox 244 3749 1501 3852; baseline -0.002 -28"><span class='ocrx_word' id='word_1_208' title='bbox 244 3753 390 3827; x_wconf 87' lang='lat' dir='ltr'>ritatem</span> <span class='ocrx_word' id='word_1_209' title='bbox 428 3753 695 3841; x_wconf 90' lang='lat' dir='ltr'>doctrinalem;</span> <span class='ocrx_word' id='word_1_210' title='bbox 716 3770 885 3827; x_wconf 88' lang='lat' dir='ltr'>removet</span> <span class='ocrx_word' id='word_1_211' title='bbox 915 3780 937 3826; x_wconf 93' lang='lat' dir='ltr'>a</span> <span class='ocrx_word' id='word_1_212' title='bbox 972 3753 1157 3852; x_wconf 86' lang='lat' dir='ltr'>gubernio</span> <span class='ocrx_word' id='word_1_213' title='bbox 1182 3749 1403 3848; x_wconf 87' lang='lat' dir='ltr'>reipublicae,</span> <span class='ocrx_word' id='word_1_214' title='bbox 1439 3749 1501 3823; x_wconf 93' lang='lat' dir='ltr'>ubi</span> 
     </span>
     <span class='ocr_line' id='line_1_30' title="bbox 243 3868 1500 3968; baseline -0.002 -25"><span class='ocrx_word' id='word_1_215' title='bbox 243 3869 464 3957; x_wconf 87' lang='lat' dir='ltr'>dominatur,</span> <span class='ocrx_word' id='word_1_216' title='bbox 487 3871 666 3968; x_wconf 87' lang='lat' dir='ltr'>principia</span> <span class='ocrx_word' id='word_1_217' title='bbox 697 3870 897 3944; x_wconf 89' lang='lat' dir='ltr'>christiana</span> <span class='ocrx_word' id='word_1_218' title='bbox 915 3897 922 3954; x_wconf 92' lang='grc'>;</span> <span class='ocrx_word' id='word_1_219' title='bbox 943 3870 1127 3943; x_wconf 88' lang='lat' dir='ltr'>imminuit</span> <span class='ocrx_word' id='word_1_220' title='bbox 1151 3868 1331 3942; x_wconf 88' lang='lat' dir='ltr'>Ecclesiae</span> <span class='ocrx_word' id='word_1_221' title='bbox 1354 3868 1430 3940; x_wconf 92' lang='lat' dir='ltr'>vim</span> <span class='ocrx_word' id='word_1_222' title='bbox 1463 3884 1500 3941; x_wconf 88' lang='lat' dir='ltr'>et</span> 
     </span>
     <span class='ocr_line' id='line_1_31' title="bbox 243 3983 1500 4074; baseline -0.006 -12"><span class='ocrx_word' id='word_1_223' title='bbox 243 3987 444 4062; x_wconf 86' lang='lat' dir='ltr'>efficaciam</span> <span class='ocrx_word' id='word_1_224' title='bbox 465 3990 500 4062; x_wconf 92' lang='lat' dir='ltr'>in</span> <span class='ocrx_word' id='word_1_225' title='bbox 515 3989 706 4062; x_wconf 92' lang='lat' dir='ltr'>hominum</span> <span class='ocrx_word' id='word_1_226' title='bbox 722 3988 984 4074; x_wconf 88' lang='lat' dir='ltr'>directionem;</span> <span class='ocrx_word' id='word_1_227' title='bbox 1004 3988 1161 4062; x_wconf 89' lang='lat' dir='ltr'>destruit</span> <span class='ocrx_word' id='word_1_228' title='bbox 1180 4007 1345 4060; x_wconf 88' lang='lat' dir='ltr'>sanctam</span> <span class='ocrx_word' id='word_1_229' title='bbox 1360 3983 1500 4057; x_wconf 85' lang='lat' dir='ltr'>Sedem</span> 
     </span>
     <span class='ocr_line' id='line_1_32' title="bbox 242 4100 1497 4203; baseline -0.006 -24"><span class='ocrx_word' id='word_1_230' title='bbox 242 4105 501 4201; x_wconf 87' lang='lat' dir='ltr'>Apostolicam</span> <span class='ocrx_word' id='word_1_231' title='bbox 513 4105 762 4203; x_wconf 88' lang='lat' dir='ltr'>;amplectitur</span> <span class='ocrx_word' id='word_1_232' title='bbox 778 4105 1076 4179; x_wconf 90' lang='lat' dir='ltr'>naturalistarum</span> <span class='ocrx_word' id='word_1_233' title='bbox 1092 4128 1289 4202; x_wconf 91' lang='lat' dir='ltr'>perversas</span> <span class='ocrx_word' id='word_1_234' title='bbox 1301 4100 1497 4199; x_wconf 89' lang='lat' dir='ltr'>opiniones</span> 
     </span>
     <span class='ocr_line' id='line_1_33' title="bbox 241 4217 1498 4322; baseline -0.006 -25"><span class='ocrx_word' id='word_1_235' title='bbox 241 4226 288 4298; x_wconf 91' lang='lat' dir='ltr'>de</span> <span class='ocrx_word' id='word_1_236' title='bbox 311 4223 396 4298; x_wconf 88' lang='lat' dir='ltr'>Deo</span> <span class='ocrx_word' id='word_1_237' title='bbox 415 4227 537 4322; x_wconf 89' lang='lat' dir='ltr'>deque</span> <span class='ocrx_word' id='word_1_238' title='bbox 566 4225 765 4309; x_wconf 87' lang='lat' dir='ltr'>creatione,</span> <span class='ocrx_word' id='word_1_239' title='bbox 795 4223 1041 4321; x_wconf 91' lang='lat' dir='ltr'>providentia,</span> <span class='ocrx_word' id='word_1_240' title='bbox 1063 4220 1340 4296; x_wconf 89' lang='lat' dir='ltr'>immortalitate</span> <span class='ocrx_word' id='word_1_241' title='bbox 1359 4247 1366 4305; x_wconf 90' lang='lat'>;</span> <span class='ocrx_word' id='word_1_242' title='bbox 1386 4217 1498 4292; x_wconf 88' lang='lat' dir='ltr'>incul-</span> 
     </span>
     <span class='ocr_line' id='line_1_34' title="bbox 240 4336 1500 4437; baseline -0.006 -20"><span class='ocrx_word' id='word_1_243' title='bbox 240 4360 299 4417; x_wconf 89' lang='lat' dir='ltr'>cat</span> <span class='ocrx_word' id='word_1_244' title='bbox 319 4341 434 4416; x_wconf 92' lang='lat' dir='ltr'>solam</span> <span class='ocrx_word' id='word_1_245' title='bbox 457 4367 600 4415; x_wconf 91' lang='lat' dir='ltr'>morum</span> <span class='ocrx_word' id='word_1_246' title='bbox 621 4341 854 4437; x_wconf 89' lang='lat' dir='ltr'>disciplinam</span> <span class='ocrx_word' id='word_1_247' title='bbox 875 4341 1030 4415; x_wconf 92' lang='lat' dir='ltr'>civicam</span> <span class='ocrx_word' id='word_1_248' title='bbox 1045 4358 1083 4414; x_wconf 87' lang='lat' dir='ltr'>et</span> <span class='ocrx_word' id='word_1_249' title='bbox 1103 4341 1270 4419; x_wconf 84' lang='lat' dir='ltr'>liberam,</span> <span class='ocrx_word' id='word_1_250' title='bbox 1292 4337 1401 4435; x_wconf 92' lang='lat' dir='ltr'>plane</span> <span class='ocrx_word' id='word_1_251' title='bbox 1422 4336 1500 4410; x_wconf 90' lang='lat' dir='ltr'>ino·</span> 
     </span>
     <span class='ocr_line' id='line_1_35' title="bbox 240 4456 1399 4557; baseline -0.004 -23"><span class='ocrx_word' id='word_1_252' title='bbox 240 4486 325 4557; x_wconf 89' lang='lat' dir='ltr'>pem</span> <span class='ocrx_word' id='word_1_253' title='bbox 346 4477 383 4534; x_wconf 93' lang='lat' dir='ltr'>et</span> <span class='ocrx_word' id='word_1_254' title='bbox 410 4459 593 4533; x_wconf 87' lang='lat' dir='ltr'>firmitatis</span> <span class='ocrx_word' id='word_1_255' title='bbox 612 4477 805 4554; x_wconf 88' lang='lat' dir='ltr'>expertem</span> <span class='ocrx_word' id='word_1_256' title='bbox 822 4487 829 4542; x_wconf 91' lang='grc'><strong>;</strong></span> <span class='ocrx_word' id='word_1_257' title='bbox 849 4459 950 4531; x_wconf 90' lang='lat' dir='ltr'>laxat</span> <span class='ocrx_word' id='word_1_258' title='bbox 976 4457 1080 4532; x_wconf 81' lang='lat' dir='ltr'>frena</span> <span class='ocrx_word' id='word_1_259' title='bbox 1099 4456 1399 4553; x_wconf 90' lang='lat' dir='ltr'>cupiditatibus?</span> 
     </span>
    </p>
   </div>
   <div class='ocr_carea' id='block_1_4' title="bbox 275 4601 905 4751">
    <p class='ocr_par' dir='ltr' id='par_1_7' title="bbox 275 4601 905 4751">
     <span class='ocr_line' id='line_1_36' title="bbox 281 4601 905 4672; baseline -0.005 -15"><span class='ocrx_word' id='word_1_260' title='bbox 281 4618 301 4658; x_wconf 89' lang='lat' dir='ltr'>r.</span> <span class='ocrx_word' id='word_1_261' title='bbox 316 4604 370 4672; x_wconf 90' lang='lat' dir='ltr'>Ep.</span> <span class='ocrx_word' id='word_1_262' title='bbox 379 4603 416 4656; x_wconf 90' lang='lat' dir='ltr'>ad</span> <span class='ocrx_word' id='word_1_263' title='bbox 431 4603 514 4657; x_wconf 86' lang='lat' dir='ltr'>Card.</span> <span class='ocrx_word' id='word_1_264' title='bbox 529 4603 689 4672; x_wconf 89' lang='lat' dir='ltr'>Rampolla,</span> <span class='ocrx_word' id='word_1_265' title='bbox 707 4614 735 4670; x_wconf 82' lang='lat'>15</span> <span class='ocrx_word' id='word_1_266' title='bbox 748 4603 812 4669; x_wconf 74' lang='lat' dir='ltr'>lun.</span> <span class='ocrx_word' id='word_1_267' title='bbox 830 4601 905 4666; x_wconf 87' lang='lat'>1887.</span> 
     </span>
     <span class='ocr_line' id='line_1_37' title="bbox 275 4680 808 4751; baseline -0.006 -14"><span class='ocrx_word' id='word_1_268' title='bbox 275 4697 299 4737; x_wconf 86' lang='lat'>2.</span> <span class='ocrx_word' id='word_1_269' title='bbox 313 4683 483 4737; x_wconf 85' lang='lat' dir='ltr'>Humanum</span> <span class='ocrx_word' id='word_1_270' title='bbox 491 4699 591 4751; x_wconf 76' lang='lat' dir='ltr'>genus,</span> <span class='ocrx_word' id='word_1_271' title='bbox 605 4682 638 4735; x_wconf 85' lang='lat'>28</span> <span class='ocrx_word' id='word_1_272' title='bbox 649 4683 717 4751; x_wconf 81' lang='lat' dir='ltr'>Apr.</span> <span class='ocrx_word' id='word_1_273' title='bbox 733 4680 808 4747; x_wconf 77' lang='lat'>1884</span> 
     </span>
    </p>
   </div>
   <div class='ocr_carea' id='block_1_5' title="bbox 0 0 1752 5482">
    <p class='ocr_par' dir='ltr' id='par_1_8' title="bbox 0 0 1752 5482">
     <span class='ocr_line' id='line_1_38' title="bbox 0 0 1752 5482; baseline 0 6"><span class='ocrx_word' id='word_1_274' title='bbox 0 0 1752 5482; x_wconf 95' lang='lat' dir='ltr'> </span> 
     </span>
    </p>
   </div>
  </div>
 </body>
</html>
