<?xml version="1.0" encoding="UTF-8"?>
<!DOCTYPE html PUBLIC "-//W3C//DTD XHTML 1.0 Transitional//EN"
    "http://www.w3.org/TR/xhtml1/DTD/xhtml1-transitional.dtd">
<html xmlns="http://www.w3.org/1999/xhtml" xml:lang="en" lang="en">
 <head>
  <title>
</title>
<meta http-equiv="Content-Type" content="text/html;charset=utf-8" />
  <meta name='ocr-system' content='tesseract 3.04.00' />
  <meta name='ocr-capabilities' content='ocr_page ocr_carea ocr_par ocr_line ocrx_word'/>
</head>
<body>
  <div class='ocr_page' id='page_1' title='image "./papasitrexromae00godtgoog_0420.png"; bbox 0 0 3496 5482; ppageno 0'>
   <div class='ocr_carea' id='block_1_1' title="bbox 248 466 542 482">
    <p class='ocr_par' dir='ltr' id='par_1_1' title="bbox 248 466 542 482">
     <span class='ocr_line' id='line_1_1' title="bbox 248 466 542 482; baseline -0.017 -3"><span class='ocrx_word' id='word_1_1' title='bbox 248 466 542 482; x_wconf 75' lang='lat'>.....-.....---—--</span> 
     </span>
    </p>
   </div>
   <div class='ocr_carea' id='block_1_2' title="bbox 714 529 1496 600">
    <p class='ocr_par' dir='ltr' id='par_1_2' title="bbox 714 529 1496 600">
     <span class='ocr_line' id='line_1_2' title="bbox 714 529 1496 600; baseline 0 -19"><span class='ocrx_word' id='word_1_2' title='bbox 714 529 1016 581; x_wconf 76' lang='lat' dir='ltr'>nurunnvnnsro.</span> <span class='ocrx_word' id='word_1_3' title='bbox 1424 529 1496 600; x_wconf 84' lang='lat'>405</span> 
     </span>
    </p>
   </div>
   <div class='ocr_carea' id='block_1_3' title="bbox 241 687 1549 4441">
    <p class='ocr_par' dir='ltr' id='par_1_3' title="bbox 242 687 1499 876">
     <span class='ocr_line' id='line_1_3' title="bbox 288 687 1497 777; baseline -0.005 -18"><span class='ocrx_word' id='word_1_4' title='bbox 288 693 494 777; x_wconf 90' lang='lat' dir='ltr'>Hujusmodi</span> <span class='ocrx_word' id='word_1_5' title='bbox 523 693 677 756; x_wconf 90' lang='lat' dir='ltr'>veritates</span> <span class='ocrx_word' id='word_1_6' title='bbox 702 690 859 755; x_wconf 86' lang='lat' dir='ltr'>dicuntur</span> <span class='ocrx_word' id='word_1_7' title='bbox 885 708 1018 771; x_wconf 90' lang='lat' dir='ltr'>quoque</span> <span class='ocrx_word' id='word_1_8' title='bbox 1040 689 1079 751; x_wconf 82' lang='lat' dir='ltr'>de</span> <span class='ocrx_word' id='word_1_9' title='bbox 1094 688 1167 773; x_wconf 80' lang='lat' dir='ltr'>fide</span> <span class='ocrx_word' id='word_1_10' title='bbox 1190 687 1358 771; x_wconf 85' lang='lat' dir='ltr'>definibili,</span> <span class='ocrx_word' id='word_1_11' title='bbox 1384 709 1497 753; x_wconf 88' lang='lat' dir='ltr'>earum</span> 
     </span>
     <span class='ocr_line' id='line_1_4' title="bbox 242 791 1499 876; baseline -0.006 -12"><span class='ocrx_word' id='word_1_12' title='bbox 242 797 509 864; x_wconf 84' lang='lat' dir='ltr'>contradictoriae</span> <span class='ocrx_word' id='word_1_13' title='bbox 520 804 730 860; x_wconf 80' lang='lat' dir='ltr'>sunterrores</span> <span class='ocrx_word' id='word_1_14' title='bbox 741 793 775 857; x_wconf 90' lang='lat' dir='ltr'>in</span> <span class='ocrx_word' id='word_1_15' title='bbox 784 793 857 876; x_wconf 86' lang='lat' dir='ltr'>fide</span> <span class='ocrx_word' id='word_1_16' title='bbox 866 802 899 857; x_wconf 90' lang='lat' dir='ltr'>et</span> <span class='ocrx_word' id='word_1_17' title='bbox 917 801 1091 876; x_wconf 90' lang='lat' dir='ltr'>peccatum</span> <span class='ocrx_word' id='word_1_18' title='bbox 1107 791 1314 857; x_wconf 86' lang='lat' dir='ltr'>infidelitatis</span> <span class='ocrx_word' id='word_1_19' title='bbox 1328 792 1499 857; x_wconf 92' lang='lat' dir='ltr'>inducunt.</span> 
     </span>
    </p>

    <p class='ocr_par' dir='ltr' id='par_1_4' title="bbox 241 892 1499 1198">
     <span class='ocr_line' id='line_1_5' title="bbox 288 892 1499 986; baseline -0.006 -24"><span class='ocrx_word' id='word_1_20' title='bbox 288 895 767 974; x_wconf 74' lang='lat' dir='ltr'>II.PROP1NQUITASF1DE1.</span> <span class='ocrx_word' id='word_1_21' title='bbox 790 932 834 942; x_wconf 92' lang='lat'>-</span> <span class='ocrx_word' id='word_1_22' title='bbox 860 892 976 959; x_wconf 85' lang='lat' dir='ltr'>Oritur</span> <span class='ocrx_word' id='word_1_23' title='bbox 992 913 1036 957; x_wconf 91' lang='lat' dir='ltr'>ex</span> <span class='ocrx_word' id='word_1_24' title='bbox 1063 893 1284 986; x_wconf 76' lang='lat' dir='ltr'>connexione,</span> <span class='ocrx_word' id='word_1_25' title='bbox 1307 892 1499 976; x_wconf 90' lang='lat' dir='ltr'>propinqui·</span> 
     </span>
     <span class='ocr_line' id='line_1_6' title="bbox 241 1001 1499 1087; baseline -0.006 -13"><span class='ocrx_word' id='word_1_26' title='bbox 241 1017 312 1074; x_wconf 87' lang='lat' dir='ltr'>tate</span> <span class='ocrx_word' id='word_1_27' title='bbox 336 1018 379 1087; x_wconf 89' lang='lat' dir='ltr'>et,</span> <span class='ocrx_word' id='word_1_28' title='bbox 400 1016 436 1072; x_wconf 94' lang='lat' dir='ltr'>ut</span> <span class='ocrx_word' id='word_1_29' title='bbox 465 1007 512 1072; x_wconf 89' lang='lat' dir='ltr'>ita</span> <span class='ocrx_word' id='word_1_30' title='bbox 528 1006 647 1083; x_wconf 91' lang='lat' dir='ltr'>dicam,</span> <span class='ocrx_word' id='word_1_31' title='bbox 662 1026 706 1069; x_wconf 90' lang='lat' dir='ltr'>ex</span> <span class='ocrx_word' id='word_1_32' title='bbox 723 1002 887 1068; x_wconf 87' lang='lat' dir='ltr'>affinitate</span> <span class='ocrx_word' id='word_1_33' title='bbox 909 1002 1058 1068; x_wconf 89' lang='lat' dir='ltr'>veritatis</span> <span class='ocrx_word' id='word_1_34' title='bbox 1074 1022 1149 1067; x_wconf 91' lang='lat' dir='ltr'>curn</span> <span class='ocrx_word' id='word_1_35' title='bbox 1166 1002 1223 1067; x_wconf 90' lang='lat' dir='ltr'>illa</span> <span class='ocrx_word' id='word_1_36' title='bbox 1250 1001 1316 1067; x_wconf 88' lang='lat' dir='ltr'>fide</span> <span class='ocrx_word' id='word_1_37' title='bbox 1335 1001 1499 1068; x_wconf 87' lang='lat' dir='ltr'>catholica</span> 
     </span>
     <span class='ocr_line' id='line_1_7' title="bbox 241 1111 1353 1198; baseline -0.004 -19"><span class='ocrx_word' id='word_1_38' title='bbox 241 1134 343 1198; x_wconf 92' lang='lat' dir='ltr'>quam</span> <span class='ocrx_word' id='word_1_39' title='bbox 359 1114 501 1198; x_wconf 91' lang='lat' dir='ltr'>quisque</span> <span class='ocrx_word' id='word_1_40' title='bbox 516 1111 701 1177; x_wconf 88' lang='lat' dir='ltr'>catholicus</span> <span class='ocrx_word' id='word_1_41' title='bbox 717 1119 841 1175; x_wconf 89' lang='lat' dir='ltr'>sartam</span> <span class='ocrx_word' id='word_1_42' title='bbox 859 1117 1051 1193; x_wconf 91' lang='lat' dir='ltr'>tectamque</span> <span class='ocrx_word' id='word_1_43' title='bbox 1067 1128 1197 1173; x_wconf 90' lang='lat' dir='ltr'>servare</span> <span class='ocrx_word' id='word_1_44' title='bbox 1212 1117 1353 1174; x_wconf 90' lang='lat' dir='ltr'>tenetur.</span> 
     </span>
    </p>

    <p class='ocr_par' dir='ltr' id='par_1_5' title="bbox 241 1212 1500 1928">
     <span class='ocr_line' id='line_1_8' title="bbox 287 1212 1500 1301; baseline -0.006 -18"><span class='ocrx_word' id='word_1_45' title='bbox 287 1217 492 1301; x_wconf 75' lang='lat' dir='ltr'>Huiusmodi</span> <span class='ocrx_word' id='word_1_46' title='bbox 523 1215 769 1301; x_wconf 86' lang='lat' dir='ltr'>propositiones</span> <span class='ocrx_word' id='word_1_47' title='bbox 807 1213 992 1298; x_wconf 85' lang='lat' dir='ltr'>generatim</span> <span class='ocrx_word' id='word_1_48' title='bbox 1024 1212 1113 1297; x_wconf 85' lang='lat' dir='ltr'>fidei</span> <span class='ocrx_word' id='word_1_49' title='bbox 1135 1213 1298 1296; x_wconf 71' lang='lat' dir='ltr'>proximae</span> <span class='ocrx_word' id='word_1_50' title='bbox 1331 1222 1500 1291; x_wconf 86' lang='lat' dir='ltr'>vocantur,</span> 
     </span>
     <span class='ocr_line' id='line_1_9' title="bbox 242 1315 1500 1404; baseline -0.006 -17"><span class='ocrx_word' id='word_1_51' title='bbox 242 1322 294 1387; x_wconf 94' lang='lat' dir='ltr'>vel</span> <span class='ocrx_word' id='word_1_52' title='bbox 311 1322 414 1387; x_wconf 87' lang='lat' dir='ltr'>etiam</span> <span class='ocrx_word' id='word_1_53' title='bbox 437 1343 477 1385; x_wconf 80' lang='lat' dir='ltr'>ex</span> <span class='ocrx_word' id='word_1_54' title='bbox 488 1320 560 1404; x_wconf 84' lang='lat' dir='ltr'>fide</span> <span class='ocrx_word' id='word_1_55' title='bbox 573 1318 743 1396; x_wconf 76' lang='lat' dir='ltr'>credendo,</span> <span class='ocrx_word' id='word_1_56' title='bbox 758 1317 934 1382; x_wconf 86' lang='lat' dir='ltr'>secundnm</span> <span class='ocrx_word' id='word_1_57' title='bbox 953 1317 1057 1402; x_wconf 84' lang='lat' dir='ltr'>fidem</span> <span class='ocrx_word' id='word_1_58' title='bbox 1072 1328 1172 1396; x_wconf 78' lang='lat' dir='ltr'>cartre,</span> <span class='ocrx_word' id='word_1_59' title='bbox 1194 1317 1256 1384; x_wconf 84' lang='lat' dir='ltr'>ie.</span> <span class='ocrx_word' id='word_1_60' title='bbox 1279 1315 1370 1402; x_wconf 91' lang='lat' dir='ltr'>quod</span> <span class='ocrx_word' id='word_1_61' title='bbox 1387 1316 1500 1382; x_wconf 89' lang='lat' dir='ltr'>fideles</span> 
     </span>
     <span class='ocr_line' id='line_1_10' title="bbox 242 1418 1500 1506; baseline -0.007 -16"><span class='ocrx_word' id='word_1_62' title='bbox 242 1446 300 1491; x_wconf 93' lang='lat' dir='ltr'>eas</span> <span class='ocrx_word' id='word_1_63' title='bbox 316 1426 494 1491; x_wconf 82' lang='lat' dir='ltr'>admittere</span> <span class='ocrx_word' id='word_1_64' title='bbox 519 1423 643 1490; x_wconf 90' lang='lat' dir='ltr'>debent</span> <span class='ocrx_word' id='word_1_65' title='bbox 659 1443 703 1487; x_wconf 89' lang='lat' dir='ltr'>ex</span> <span class='ocrx_word' id='word_1_66' title='bbox 720 1423 752 1487; x_wconf 92' lang='lat' dir='ltr'>vi</span> <span class='ocrx_word' id='word_1_67' title='bbox 768 1432 801 1487; x_wconf 91' lang='lat' dir='ltr'>et</span> <span class='ocrx_word' id='word_1_68' title='bbox 830 1419 1030 1505; x_wconf 88' lang='lat' dir='ltr'>consequela</span> <span class='ocrx_word' id='word_1_69' title='bbox 1048 1422 1233 1486; x_wconf 86' lang='lat' dir='ltr'>necessaria</span> <span class='ocrx_word' id='word_1_70' title='bbox 1259 1421 1406 1506; x_wconf 89' lang='lat' dir='ltr'>ipsorum</span> <span class='ocrx_word' id='word_1_71' title='bbox 1423 1418 1500 1484; x_wconf 86' lang='lat' dir='ltr'>fidei</span> 
     </span>
     <span class='ocr_line' id='line_1_11' title="bbox 242 1522 1499 1611; baseline -0.006 -17"><span class='ocrx_word' id='word_1_72' title='bbox 242 1530 418 1596; x_wconf 87' lang='lat' dir='ltr'>catholicae</span> <span class='ocrx_word' id='word_1_73' title='bbox 445 1529 627 1595; x_wconf 79' lang='lat' dir='ltr'>servanda.</span> <span class='ocrx_word' id='word_1_74' title='bbox 652 1527 738 1594; x_wconf 87' lang='lat' dir='ltr'>Cum</span> <span class='ocrx_word' id='word_1_75' title='bbox 764 1547 844 1591; x_wconf 91' lang='lat' dir='ltr'>vero</span> <span class='ocrx_word' id='word_1_76' title='bbox 873 1524 956 1591; x_wconf 89' lang='lat' dir='ltr'>fides</span> <span class='ocrx_word' id='word_1_77' title='bbox 983 1524 1147 1590; x_wconf 89' lang='lat' dir='ltr'>catholica</span> <span class='ocrx_word' id='word_1_78' title='bbox 1174 1534 1326 1611; x_wconf 89' lang='lat' dir='ltr'>respectu</span> <span class='ocrx_word' id='word_1_79' title='bbox 1350 1522 1499 1590; x_wconf 89' lang='lat' dir='ltr'>veritatis</span> 
     </span>
     <span class='ocr_line' id='line_1_12' title="bbox 241 1627 1498 1715; baseline -0.006 -15"><span class='ocrx_word' id='word_1_80' title='bbox 241 1633 424 1700; x_wconf 84' lang='lat' dir='ltr'>formaliter</span> <span class='ocrx_word' id='word_1_81' title='bbox 439 1633 599 1700; x_wconf 83' lang='lat' dir='ltr'>reseratur</span> <span class='ocrx_word' id='word_1_82' title='bbox 613 1641 671 1698; x_wconf 94' lang='lat' dir='ltr'>aut</span> <span class='ocrx_word' id='word_1_83' title='bbox 687 1632 729 1696; x_wconf 96' lang='lat' dir='ltr'>ad</span> <span class='ocrx_word' id='word_1_84' title='bbox 746 1629 901 1696; x_wconf 81' lang='lat' dir='ltr'>veritates</span> <span class='ocrx_word' id='word_1_85' title='bbox 927 1630 1090 1715; x_wconf 82' lang='lat' dir='ltr'>revelatas</span> <span class='ocrx_word' id='word_1_86' title='bbox 1104 1640 1162 1695; x_wconf 89' lang='lat' dir='ltr'>aut</span> <span class='ocrx_word' id='word_1_87' title='bbox 1178 1629 1221 1694; x_wconf 90' lang='lat' dir='ltr'>ad</span> <span class='ocrx_word' id='word_1_88' title='bbox 1238 1629 1342 1713; x_wconf 79' lang='lat' dir='ltr'>ipsam</span> <span class='ocrx_word' id='word_1_89' title='bbox 1357 1627 1498 1693; x_wconf 75' lang='lat' dir='ltr'>declaro-</span> 
     </span>
     <span class='ocr_line' id='line_1_13' title="bbox 242 1732 1498 1822; baseline -0.006 -18"><span class='ocrx_word' id='word_1_90' title='bbox 242 1739 360 1804; x_wconf 82' lang='lat' dir='ltr'>tionem</span> <span class='ocrx_word' id='word_1_91' title='bbox 377 1738 585 1822; x_wconf 82' lang='lat' dir='ltr'>infallibilem</span> <span class='ocrx_word' id='word_1_92' title='bbox 602 1736 773 1814; x_wconf 90' lang='lat' dir='ltr'>Ecclesiae,</span> <span class='ocrx_word' id='word_1_93' title='bbox 788 1734 865 1801; x_wconf 90' lang='lat' dir='ltr'>ideo</span> <span class='ocrx_word' id='word_1_94' title='bbox 877 1735 1035 1800; x_wconf 90' lang='lat' dir='ltr'>veritates</span> <span class='ocrx_word' id='word_1_95' title='bbox 1051 1734 1128 1799; x_wconf 89' lang='lat' dir='ltr'>fidei</span> <span class='ocrx_word' id='word_1_96' title='bbox 1145 1734 1310 1818; x_wconf 84' lang='lat' dir='ltr'>proximae</span> <span class='ocrx_word' id='word_1_97' title='bbox 1323 1734 1369 1798; x_wconf 87' lang='lat' dir='ltr'>ita</span> <span class='ocrx_word' id='word_1_98' title='bbox 1385 1732 1498 1798; x_wconf 88' lang='lat' dir='ltr'>subdi·</span> 
     </span>
     <span class='ocr_line' id='line_1_14' title="bbox 241 1845 475 1928; baseline -0.013 -18"><span class='ocrx_word' id='word_1_99' title='bbox 241 1845 309 1910; x_wconf 89' lang='lat' dir='ltr'>vidi</span> <span class='ocrx_word' id='word_1_100' title='bbox 326 1854 475 1928; x_wconf 89' lang='lat' dir='ltr'>possunt.</span> 
     </span>
    </p>

    <p class='ocr_par' dir='ltr' id='par_1_6' title="bbox 241 1945 1501 2659">
     <span class='ocr_line' id='line_1_15' title="bbox 287 1945 1499 2032; baseline -0.006 -18"><span class='ocrx_word' id='word_1_101' title='bbox 287 1948 479 2015; x_wconf 89' lang='lat' dir='ltr'>Secundum</span> <span class='ocrx_word' id='word_1_102' title='bbox 496 1948 586 2032; x_wconf 92' lang='lat' dir='ltr'>quod</span> <span class='ocrx_word' id='word_1_103' title='bbox 598 1947 719 2012; x_wconf 86' lang='lat' dir='ltr'>veritas</span> <span class='ocrx_word' id='word_1_104' title='bbox 735 1946 983 2012; x_wconf 88' lang='lat' dir='ltr'>connexionem</span> <span class='ocrx_word' id='word_1_105' title='bbox 995 1946 1098 2012; x_wconf 90' lang='lat' dir='ltr'>habet</span> <span class='ocrx_word' id='word_1_106' title='bbox 1109 1946 1151 2011; x_wconf 92' lang='lat' dir='ltr'>ad</span> <span class='ocrx_word' id='word_1_107' title='bbox 1163 1947 1288 2030; x_wconf 86' lang='lat' dir='ltr'>dogma</span> <span class='ocrx_word' id='word_1_108' title='bbox 1304 1945 1499 2030; x_wconf 89' lang='lat' dir='ltr'>simpliciter</span> 
     </span>
     <span class='ocr_line' id='line_1_16' title="bbox 242 2049 1499 2137; baseline -0.003 -19"><span class='ocrx_word' id='word_1_109' title='bbox 242 2053 380 2131; x_wconf 91' lang='lat' dir='ltr'>dictum,</span> <span class='ocrx_word' id='word_1_110' title='bbox 395 2053 570 2137; x_wconf 87' lang='lat' dir='ltr'>speciatim</span> <span class='ocrx_word' id='word_1_111' title='bbox 588 2062 725 2117; x_wconf 86' lang='lat' dir='ltr'>vocatur</span> <span class='ocrx_word' id='word_1_112' title='bbox 745 2051 867 2115; x_wconf 85' lang='lat' dir='ltr'>veritas</span> <span class='ocrx_word' id='word_1_113' title='bbox 889 2050 939 2114; x_wconf 77' lang='lat' dir='ltr'>acl</span> <span class='ocrx_word' id='word_1_114' title='bbox 951 2049 1056 2134; x_wconf 84' lang='lat' dir='ltr'>fidem</span> <span class='ocrx_word' id='word_1_115' title='bbox 1078 2049 1159 2115; x_wconf 86' lang='lat' dir='ltr'>catlr.</span> <span class='ocrx_word' id='word_1_116' title='bbox 1179 2050 1356 2134; x_wconf 81' lang='lat' dir='ltr'>pertinens.</span> <span class='ocrx_word' id='word_1_117' title='bbox 1373 2051 1499 2115; x_wconf 89' lang='lat' dir='ltr'>Exem-</span> 
     </span>
     <span class='ocr_line' id='line_1_17' title="bbox 243 2154 1500 2242; baseline -0.002 -22"><span class='ocrx_word' id='word_1_118' title='bbox 243 2158 336 2241; x_wconf 90' lang='lat' dir='ltr'>plum</span> <span class='ocrx_word' id='word_1_119' title='bbox 352 2157 455 2222; x_wconf 88' lang='lat' dir='ltr'>habes</span> <span class='ocrx_word' id='word_1_120' title='bbox 472 2157 504 2220; x_wconf 93' lang='lat' dir='ltr'>in</span> <span class='ocrx_word' id='word_1_121' title='bbox 531 2176 631 2239; x_wconf 89' lang='lat' dir='ltr'>opere</span> <span class='ocrx_word' id='word_1_122' title='bbox 648 2165 763 2221; x_wconf 89' lang='lat' dir='ltr'>nostro</span> <span class='ocrx_word' id='word_1_123' title='bbox 783 2155 829 2237; x_wconf 90' lang='lat' dir='ltr'>(p.</span> <span class='ocrx_word' id='word_1_124' title='bbox 847 2155 903 2237; x_wconf 88' lang='lat'>26)</span> <span class='ocrx_word' id='word_1_125' title='bbox 924 2155 980 2218; x_wconf 93' lang='lat' dir='ltr'>ubi</span> <span class='ocrx_word' id='word_1_126' title='bbox 997 2155 1117 2219; x_wconf 89' lang='lat' dir='ltr'>dicitur</span> <span class='ocrx_word' id='word_1_127' title='bbox 1131 2179 1138 2220; x_wconf 90' lang='lat'>:</span> <span class='ocrx_word' id='word_1_128' title='bbox 1154 2159 1170 2190; x_wconf 82' lang='lat'>‘⁸</span> <span class='ocrx_word' id='word_1_129' title='bbox 1189 2157 1330 2242; x_wconf 89' lang='lat' dir='ltr'>Insuper</span> <span class='ocrx_word' id='word_1_130' title='bbox 1345 2156 1387 2222; x_wconf 93' lang='lat' dir='ltr'>ad</span> <span class='ocrx_word' id='word_1_131' title='bbox 1395 2154 1500 2242; x_wconf 79' lang='lat' dir='ltr'>fidem</span> 
     </span>
     <span class='ocr_line' id='line_1_18' title="bbox 241 2259 1500 2346; baseline -0.002 -18"><span class='ocrx_word' id='word_1_132' title='bbox 241 2262 430 2329; x_wconf 79' lang='lat' dir='ltr'>catholicam</span> <span class='ocrx_word' id='word_1_133' title='bbox 438 2263 582 2346; x_wconf 84' lang='lat' dir='ltr'>pertinet</span> <span class='ocrx_word' id='word_1_134' title='bbox 595 2275 658 2340; x_wconf 86' lang='lat' dir='ltr'>JUs</span> <span class='ocrx_word' id='word_1_135' title='bbox 676 2273 935 2326; x_wconf 76' lang='lat' dir='ltr'>lMMUNITATIS</span> <span class='ocrx_word' id='word_1_136' title='bbox 951 2259 1128 2344; x_wconf 88' lang='lat' dir='ltr'>completae</span> <span class='ocrx_word' id='word_1_137' title='bbox 1144 2270 1178 2326; x_wconf 89' lang='lat' dir='ltr'>et</span> <span class='ocrx_word' id='word_1_138' title='bbox 1196 2261 1359 2326; x_wconf 89' lang='lat' dir='ltr'>absolutae</span> <span class='ocrx_word' id='word_1_139' title='bbox 1376 2261 1500 2326; x_wconf 92' lang='lat' dir='ltr'>Prima·</span> 
     </span>
     <span class='ocr_line' id='line_1_19' title="bbox 242 2365 1500 2452; baseline -0.001 -19"><span class='ocrx_word' id='word_1_140' title='bbox 242 2376 297 2433; x_wconf 92' lang='lat' dir='ltr'>tus</span> <span class='ocrx_word' id='word_1_141' title='bbox 313 2368 537 2447; x_wconf 89' lang='lat' dir='ltr'>ecclesiastici,</span> <span class='ocrx_word' id='word_1_142' title='bbox 559 2388 626 2452; x_wconf 89' lang='lat' dir='ltr'>qua</span> <span class='ocrx_word' id='word_1_143' title='bbox 653 2386 774 2450; x_wconf 89' lang='lat' dir='ltr'>nempe</span> <span class='ocrx_word' id='word_1_144' title='bbox 800 2367 892 2451; x_wconf 91' lang='lat' dir='ltr'>Papa</span> <span class='ocrx_word' id='word_1_145' title='bbox 916 2365 959 2432; x_wconf 92' lang='lat' dir='ltr'>ab</span> <span class='ocrx_word' id='word_1_146' title='bbox 982 2367 1073 2431; x_wconf 92' lang='lat' dir='ltr'>omni</span> <span class='ocrx_word' id='word_1_147' title='bbox 1095 2366 1326 2450; x_wconf 86' lang='lat' dir='ltr'>jurisdictione</span> <span class='ocrx_word' id='word_1_148' title='bbox 1351 2368 1500 2434; x_wconf 87' lang='lat' dir='ltr'>saeculari</span> 
     </span>
     <span class='ocr_line' id='line_1_20' title="bbox 241 2466 1501 2556; baseline 0.002 -21"><span class='ocrx_word' id='word_1_149' title='bbox 241 2473 284 2537; x_wconf 85' lang='lat' dir='ltr'>sit</span> <span class='ocrx_word' id='word_1_150' title='bbox 312 2483 501 2556; x_wconf 88' lang='lat' dir='ltr'>exemptus.</span> <span class='ocrx_word' id='word_1_151' title='bbox 528 2473 611 2550; x_wconf 84' lang='lat' dir='ltr'>imo,</span> <span class='ocrx_word' id='word_1_152' title='bbox 635 2481 671 2536; x_wconf 91' lang='lat' dir='ltr'>ut</span> <span class='ocrx_word' id='word_1_153' title='bbox 700 2472 732 2535; x_wconf 94' lang='lat' dir='ltr'>in</span> <span class='ocrx_word' id='word_1_154' title='bbox 762 2471 978 2554; x_wconf 87' lang='lat' dir='ltr'>sequentibus</span> <span class='ocrx_word' id='word_1_155' title='bbox 1005 2471 1097 2535; x_wconf 90' lang='lat' dir='ltr'>locus</span> <span class='ocrx_word' id='word_1_156' title='bbox 1124 2471 1257 2538; x_wconf 90' lang='lat' dir='ltr'>dicendi</span> <span class='ocrx_word' id='word_1_157' title='bbox 1285 2466 1426 2550; x_wconf 80' lang='lat' dir='ltr'>obtinet,</span> <span class='ocrx_word' id='word_1_158' title='bbox 1450 2482 1501 2538; x_wconf 93' lang='lat' dir='ltr'>sat</span> 
     </span>
     <span class='ocr_line' id='line_1_21' title="bbox 244 2575 1413 2659; baseline 0.002 -18"><span class='ocrx_word' id='word_1_159' title='bbox 244 2578 360 2642; x_wconf 90' lang='lat' dir='ltr'>nititur</span> <span class='ocrx_word' id='word_1_160' title='bbox 376 2577 569 2642; x_wconf 90' lang='lat' dir='ltr'>testimonio</span> <span class='ocrx_word' id='word_1_161' title='bbox 586 2575 661 2654; x_wconf 84' lang='lat' dir='ltr'>Dei,</span> <span class='ocrx_word' id='word_1_162' title='bbox 677 2584 714 2640; x_wconf 93' lang='lat' dir='ltr'>ut</span> <span class='ocrx_word' id='word_1_163' title='bbox 720 2575 793 2659; x_wconf 87' lang='lat' dir='ltr'>fide</span> <span class='ocrx_word' id='word_1_164' title='bbox 807 2575 924 2640; x_wconf 83' lang='lat' dir='ltr'>divina</span> <span class='ocrx_word' id='word_1_165' title='bbox 939 2576 986 2640; x_wconf 92' lang='lat' dir='ltr'>sit</span> <span class='ocrx_word' id='word_1_166' title='bbox 998 2575 1154 2640; x_wconf 83' lang='lat' dir='ltr'>credenda</span> <span class='ocrx_word' id='word_1_167' title='bbox 1171 2576 1236 2642; x_wconf 82' lang='lat' dir='ltr'>lroec</span> <span class='ocrx_word' id='word_1_168' title='bbox 1250 2577 1380 2643; x_wconf 79' lang='lat' dir='ltr'>veritas.</span> <span class='ocrx_word' id='word_1_169' title='bbox 1393 2577 1413 2610; x_wconf 87' lang='lat'>’¹</span> 
     </span>
    </p>

    <p class='ocr_par' dir='ltr' id='par_1_7' title="bbox 241 2679 1549 4441">
     <span class='ocr_line' id='line_1_22' title="bbox 287 2679 1501 2766; baseline 0.002 -20"><span class='ocrx_word' id='word_1_170' title='bbox 287 2681 432 2766; x_wconf 88' lang='lat' dir='ltr'>Quodsi</span> <span class='ocrx_word' id='word_1_171' title='bbox 458 2681 580 2746; x_wconf 88' lang='lat' dir='ltr'>veritas</span> <span class='ocrx_word' id='word_1_172' title='bbox 608 2679 720 2765; x_wconf 89' lang='lat' dir='ltr'>potius</span> <span class='ocrx_word' id='word_1_173' title='bbox 736 2679 932 2745; x_wconf 87' lang='lat' dir='ltr'>relationem</span> <span class='ocrx_word' id='word_1_174' title='bbox 960 2680 1113 2745; x_wconf 89' lang='lat' dir='ltr'>intimam</span> <span class='ocrx_word' id='word_1_175' title='bbox 1138 2681 1240 2747; x_wconf 90' lang='lat' dir='ltr'>habet</span> <span class='ocrx_word' id='word_1_176' title='bbox 1257 2683 1300 2747; x_wconf 90' lang='lat' dir='ltr'>ad</span> <span class='ocrx_word' id='word_1_177' title='bbox 1328 2681 1501 2748; x_wconf 81' lang='lat' dir='ltr'>infallibile</span> 
     </span>
     <span class='ocr_line' id='line_1_23' title="bbox 243 2784 1501 2871; baseline -0.001 -20"><span class='ocrx_word' id='word_1_178' title='bbox 243 2786 472 2869; x_wconf 88' lang='lat' dir='ltr'>magisterium</span> <span class='ocrx_word' id='word_1_179' title='bbox 504 2784 673 2863; x_wconf 72' lang='lat' dir='ltr'>Ecclesiae,</span> <span class='ocrx_word' id='word_1_180' title='bbox 704 2784 882 2869; x_wconf 88' lang='lat' dir='ltr'>specialius</span> <span class='ocrx_word' id='word_1_181' title='bbox 906 2785 1036 2850; x_wconf 90' lang='lat' dir='ltr'>dicetur</span> <span class='ocrx_word' id='word_1_182' title='bbox 1066 2786 1139 2870; x_wconf 87' lang='lat' dir='ltr'>fide</span> <span class='ocrx_word' id='word_1_183' title='bbox 1167 2797 1262 2851; x_wconf 82' lang='lat' dir='ltr'>certa.</span> <span class='ocrx_word' id='word_1_184' title='bbox 1296 2787 1501 2871; x_wconf 88' lang='lat' dir='ltr'>Hujusmodi</span> 
     </span>
     <span class='ocr_line' id='line_1_24' title="bbox 243 2891 1501 2976; baseline 0.002 -20"><span class='ocrx_word' id='word_1_185' title='bbox 243 2902 380 2957; x_wconf 85' lang='lat' dir='ltr'>exstant</span> <span class='ocrx_word' id='word_1_186' title='bbox 395 2897 412 2924; x_wconf 79' lang='lat'>‘⁴</span> <span class='ocrx_word' id='word_1_187' title='bbox 428 2891 494 2956; x_wconf 87' lang='lat' dir='ltr'>illae</span> <span class='ocrx_word' id='word_1_188' title='bbox 511 2891 767 2975; x_wconf 84' lang='lat' dir='ltr'>propositiones,</span> <span class='ocrx_word' id='word_1_189' title='bbox 783 2891 943 2976; x_wconf 84' lang='lat' dir='ltr'>quaesive</span> <span class='ocrx_word' id='word_1_190' title='bbox 968 2913 988 2956; x_wconf 93' lang='lat' dir='ltr'>a</span> <span class='ocrx_word' id='word_1_191' title='bbox 1003 2895 1135 2976; x_wconf 93' lang='lat' dir='ltr'>synodo</span> <span class='ocrx_word' id='word_1_192' title='bbox 1159 2895 1377 2971; x_wconf 88' lang='lat' dir='ltr'>oecumenica,</span> <span class='ocrx_word' id='word_1_193' title='bbox 1392 2894 1462 2959; x_wconf 87' lang='lat' dir='ltr'>sive</span> <span class='ocrx_word' id='word_1_194' title='bbox 1481 2914 1501 2959; x_wconf 93' lang='lat' dir='ltr'>a</span> 
     </span>
     <span class='ocr_line' id='line_1_25' title="bbox 243 2993 1501 3083; baseline 0.002 -22"><span class='ocrx_word' id='word_1_195' title='bbox 243 2997 400 3061; x_wconf 90' lang='lat' dir='ltr'>Romano</span> <span class='ocrx_word' id='word_1_196' title='bbox 417 2993 579 3059; x_wconf 87' lang='lat' dir='ltr'>Pontifice</span> <span class='ocrx_word' id='word_1_197' title='bbox 594 2994 772 3061; x_wconf 87' lang='lat' dir='ltr'>declaratae</span> <span class='ocrx_word' id='word_1_198' title='bbox 788 3004 866 3061; x_wconf 90' lang='lat' dir='ltr'>sunt</span> <span class='ocrx_word' id='word_1_199' title='bbox 883 3006 920 3060; x_wconf 93' lang='lat' dir='ltr'>ut</span> <span class='ocrx_word' id='word_1_200' title='bbox 935 3017 1022 3061; x_wconf 85' lang='lat' dir='ltr'>verae</span> <span class='ocrx_word' id='word_1_201' title='bbox 1038 2997 1183 3081; x_wconf 90' lang='lat' dir='ltr'>quidem,</span> <span class='ocrx_word' id='word_1_202' title='bbox 1199 3007 1235 3063; x_wconf 91' lang='lat' dir='ltr'>at</span> <span class='ocrx_word' id='word_1_203' title='bbox 1251 3018 1317 3062; x_wconf 91' lang='lat' dir='ltr'>non</span> <span class='ocrx_word' id='word_1_204' title='bbox 1341 2999 1501 3083; x_wconf 90' lang='lat' dir='ltr'>explicite</span> 
     </span>
     <span class='ocr_line' id='line_1_26' title="bbox 243 3101 1501 3188; baseline 0.002 -21"><span class='ocrx_word' id='word_1_205' title='bbox 243 3112 279 3167; x_wconf 88' lang='lat' dir='ltr'>ut</span> <span class='ocrx_word' id='word_1_206' title='bbox 296 3101 372 3167; x_wconf 89' lang='lat' dir='ltr'>fidei</span> <span class='ocrx_word' id='word_1_207' title='bbox 389 3103 545 3167; x_wconf 90' lang='lat' dir='ltr'>veritates</span> <span class='ocrx_word' id='word_1_208' title='bbox 570 3103 632 3167; x_wconf 94' lang='lat' dir='ltr'>sub</span> <span class='ocrx_word' id='word_1_209' title='bbox 648 3102 873 3168; x_wconf 87' lang='lat' dir='ltr'>anathematis</span> <span class='ocrx_word' id='word_1_210' title='bbox 900 3123 1002 3188; x_wconf 81' lang='lat' dir='ltr'>poena</span> <span class='ocrx_word' id='word_1_211' title='bbox 1018 3104 1236 3169; x_wconf 87' lang='lat' dir='ltr'>credendae...</span> <span class='ocrx_word' id='word_1_212' title='bbox 1263 3125 1413 3188; x_wconf 90' lang='lat' dir='ltr'>quasque</span> <span class='ocrx_word' id='word_1_213' title='bbox 1429 3104 1501 3169; x_wconf 90' lang='lat' dir='ltr'>sine</span> 
     </span>
     <span class='ocr_line' id='line_1_27' title="bbox 242 3205 1500 3292; baseline 0.003 -23"><span class='ocrx_word' id='word_1_214' title='bbox 242 3205 449 3271; x_wconf 90' lang='lat' dir='ltr'>infidelitatis</span> <span class='ocrx_word' id='word_1_215' title='bbox 466 3214 605 3289; x_wconf 91' lang='lat' dir='ltr'>peccato</span> <span class='ocrx_word' id='word_1_216' title='bbox 621 3225 744 3289; x_wconf 90' lang='lat' dir='ltr'>negare</span> <span class='ocrx_word' id='word_1_217' title='bbox 760 3226 859 3271; x_wconf 90' lang='lat' dir='ltr'>nemo</span> <span class='ocrx_word' id='word_1_218' title='bbox 876 3215 988 3290; x_wconf 89' lang='lat' dir='ltr'>potest</span> <span class='ocrx_word' id='word_1_219' title='bbox 1004 3207 1055 3292; x_wconf 88' lang='lat'>(1).</span> <span class='ocrx_word' id='word_1_220' title='bbox 1068 3208 1084 3235; x_wconf 88' lang='lat'>’¹</span> <span class='ocrx_word' id='word_1_221' title='bbox 1104 3208 1156 3272; x_wconf 88' lang='lat' dir='ltr'>lta</span> <span class='ocrx_word' id='word_1_222' title='bbox 1172 3209 1215 3273; x_wconf 91' lang='lat' dir='ltr'>de</span> <span class='ocrx_word' id='word_1_223' title='bbox 1230 3208 1381 3292; x_wconf 88' lang='lat' dir='ltr'>pluribus</span> <span class='ocrx_word' id='word_1_224' title='bbox 1397 3210 1500 3273; x_wconf 89' lang='lat' dir='ltr'>docu-</span> 
     </span>
     <span class='ocr_line' id='line_1_28' title="bbox 242 3308 1542 3397; baseline 0.002 -22"><span class='ocrx_word' id='word_1_225' title='bbox 242 3311 363 3375; x_wconf 88' lang='lat' dir='ltr'>mentis</span> <span class='ocrx_word' id='word_1_226' title='bbox 381 3308 572 3386; x_wconf 71' lang='lat' dir='ltr'>Pontificiis</span> <span class='ocrx_word' id='word_1_227' title='bbox 587 3310 630 3374; x_wconf 88' lang='lat' dir='ltr'>de</span> <span class='ocrx_word' id='word_1_228' title='bbox 645 3310 793 3393; x_wconf 88' lang='lat' dir='ltr'>pluribus</span> <span class='ocrx_word' id='word_1_229' title='bbox 816 3311 977 3376; x_wconf 86' lang='lat' dir='ltr'>doctrinis</span> <span class='ocrx_word' id='word_1_230' title='bbox 993 3311 1234 3377; x_wconf 87' lang='lat' dir='ltr'>allocutionum</span> <span class='ocrx_word' id='word_1_231' title='bbox 1251 3321 1285 3378; x_wconf 89' lang='lat' dir='ltr'>et</span> <span class='ocrx_word' id='word_1_232' title='bbox 1303 3313 1498 3397; x_wconf 89' lang='lat' dir='ltr'>Encyclica·</span> <span class='ocrx_word' id='word_1_233' title='bbox 1539 3383 1542 3386; x_wconf 54' lang='grc'>,</span> 
     </span>
     <span class='ocr_line' id='line_1_29' title="bbox 241 3415 1498 3503; baseline 0.001 -23"><span class='ocrx_word' id='word_1_234' title='bbox 241 3436 314 3480; x_wconf 88' lang='lat' dir='ltr'>rum</span> <span class='ocrx_word' id='word_1_235' title='bbox 328 3415 380 3499; x_wconf 82' lang='lat'>(²),</span> <span class='ocrx_word' id='word_1_236' title='bbox 395 3436 472 3499; x_wconf 86' lang='lat' dir='ltr'>quae</span> <span class='ocrx_word' id='word_1_237' title='bbox 488 3424 524 3480; x_wconf 94' lang='lat' dir='ltr'>ut</span> <span class='ocrx_word' id='word_1_238' title='bbox 540 3424 629 3480; x_wconf 92' lang='lat' dir='ltr'>recte</span> <span class='ocrx_word' id='word_1_239' title='bbox 645 3415 726 3480; x_wconf 90' lang='lat' dir='ltr'>mihi</span> <span class='ocrx_word' id='word_1_240' title='bbox 742 3417 1009 3482; x_wconf 88' lang='lat' dir='ltr'>animadvertere</span> <span class='ocrx_word' id='word_1_241' title='bbox 1037 3417 1114 3481; x_wconf 83' lang='lat' dir='ltr'>iecit</span> <span class='ocrx_word' id='word_1_242' title='bbox 1130 3419 1180 3481; x_wconf 91' lang='lat' dir='ltr'>vir</span> <span class='ocrx_word' id='word_1_243' title='bbox 1195 3419 1349 3503; x_wconf 88' lang='lat' dir='ltr'>egregius</span> <span class='ocrx_word' id='word_1_244' title='bbox 1365 3422 1383 3451; x_wconf 89' lang='lat'><strong>“</strong></span> <span class='ocrx_word' id='word_1_245' title='bbox 1399 3437 1498 3483; x_wconf 92' lang='lat' dir='ltr'>sensu</span> 
     </span>
     <span class='ocr_line' id='line_1_30' title="bbox 243 3520 1498 3607; baseline 0.001 -21"><span class='ocrx_word' id='word_1_246' title='bbox 243 3522 337 3606; x_wconf 90' lang='lat' dir='ltr'>largo</span> <span class='ocrx_word' id='word_1_247' title='bbox 352 3522 417 3586; x_wconf 89' lang='lat' dir='ltr'>dici</span> <span class='ocrx_word' id='word_1_248' title='bbox 434 3530 571 3606; x_wconf 88' lang='lat' dir='ltr'>possent</span> <span class='ocrx_word' id='word_1_249' title='bbox 586 3522 630 3587; x_wconf 90' lang='lat' dir='ltr'>de</span> <span class='ocrx_word' id='word_1_250' title='bbox 646 3520 711 3587; x_wconf 89' lang='lat' dir='ltr'>fide</span> <span class='ocrx_word' id='word_1_251' title='bbox 727 3522 893 3587; x_wconf 89' lang='lat' dir='ltr'>catholica</span> <span class='ocrx_word' id='word_1_252' title='bbox 911 3523 928 3587; x_wconf 93' lang='lat' dir='ltr'>i.</span> <span class='ocrx_word' id='word_1_253' title='bbox 945 3543 973 3588; x_wconf 92' lang='lat' dir='ltr'>e.</span> <span class='ocrx_word' id='word_1_254' title='bbox 988 3533 1087 3607; x_wconf 90' lang='lat' dir='ltr'>prout</span> <span class='ocrx_word' id='word_1_255' title='bbox 1104 3523 1304 3588; x_wconf 89' lang='lat' dir='ltr'>vocabulum</span> <span class='ocrx_word' id='word_1_256' title='bbox 1316 3532 1396 3588; x_wconf 89' lang='lat' dir='ltr'>tunc</span> <span class='ocrx_word' id='word_1_257' title='bbox 1413 3523 1498 3589; x_wconf 91' lang='lat' dir='ltr'>indi-</span> 
     </span>
     <span class='ocr_line' id='line_1_31' title="bbox 243 3625 1497 3711; baseline 0 -20"><span class='ocrx_word' id='word_1_258' title='bbox 243 3637 296 3691; x_wconf 90' lang='lat' dir='ltr'>cat</span> <span class='ocrx_word' id='word_1_259' title='bbox 312 3628 486 3692; x_wconf 89' lang='lat' dir='ltr'>veritatem</span> <span class='ocrx_word' id='word_1_260' title='bbox 504 3625 734 3691; x_wconf 88' lang='lat' dir='ltr'>universaliter</span> <span class='ocrx_word' id='word_1_261' title='bbox 749 3627 930 3691; x_wconf 89' lang='lat' dir='ltr'>admissam</span> <span class='ocrx_word' id='word_1_262' title='bbox 948 3627 982 3692; x_wconf 92' lang='lat' dir='ltr'>in</span> <span class='ocrx_word' id='word_1_263' title='bbox 998 3626 1238 3711; x_wconf 76' lang='lat' dir='ltr'>pradicatione</span> <span class='ocrx_word' id='word_1_264' title='bbox 1255 3627 1442 3692; x_wconf 89' lang='lat' dir='ltr'>Doctorum</span> <span class='ocrx_word' id='word_1_265' title='bbox 1464 3627 1497 3691; x_wconf 92' lang='lat' dir='ltr'>in</span> 
     </span>
     <span class='ocr_line' id='line_1_32' title="bbox 245 3729 1547 3816; baseline 0.002 -22"><span class='ocrx_word' id='word_1_266' title='bbox 245 3729 405 3808; x_wconf 88' lang='lat' dir='ltr'>Ecclesia,</span> <span class='ocrx_word' id='word_1_267' title='bbox 420 3730 563 3814; x_wconf 90' lang='lat' dir='ltr'>ideoque</span> <span class='ocrx_word' id='word_1_268' title='bbox 578 3739 786 3814; x_wconf 85' lang='lat' dir='ltr'>spectantem</span> <span class='ocrx_word' id='word_1_269' title='bbox 804 3731 990 3796; x_wconf 89' lang='lat' dir='ltr'>doctrinam</span> <span class='ocrx_word' id='word_1_270' title='bbox 1007 3730 1207 3797; x_wconf 89' lang='lat' dir='ltr'>catholicam</span> <span class='ocrx_word' id='word_1_271' title='bbox 1224 3731 1305 3815; x_wconf 91' lang='lat' dir='ltr'>quin</span> <span class='ocrx_word' id='word_1_272' title='bbox 1323 3732 1399 3796; x_wconf 90' lang='lat' dir='ltr'>ideo</span> <span class='ocrx_word' id='word_1_273' title='bbox 1415 3732 1498 3816; x_wconf 89' lang='lat' dir='ltr'>dog·</span> <span class='ocrx_word' id='word_1_274' title='bbox 1545 3809 1547 3812; x_wconf 16' lang='lat'><strong><em>¹</em></strong></span> 
     </span>
     <span class='ocr_line' id='line_1_33' title="bbox 244 3832 1549 3920; baseline 0.002 -21"><span class='ocrx_word' id='word_1_275' title='bbox 244 3835 365 3900; x_wconf 87' lang='lat' dir='ltr'>matice</span> <span class='ocrx_word' id='word_1_276' title='bbox 382 3855 432 3899; x_wconf 92' lang='lat' dir='ltr'>res</span> <span class='ocrx_word' id='word_1_277' title='bbox 447 3832 647 3901; x_wconf 84' lang='lat' dir='ltr'>definiretur.</span> <span class='ocrx_word' id='word_1_278' title='bbox 664 3835 900 3920; x_wconf 88' lang='lat' dir='ltr'>”Exemplum</span> <span class='ocrx_word' id='word_1_279' title='bbox 917 3837 1021 3901; x_wconf 91' lang='lat' dir='ltr'>habes</span> <span class='ocrx_word' id='word_1_280' title='bbox 1035 3837 1066 3901; x_wconf 89' lang='lat' dir='ltr'>in</span> <span class='ocrx_word' id='word_1_281' title='bbox 1080 3856 1181 3920; x_wconf 91' lang='lat' dir='ltr'>opere</span> <span class='ocrx_word' id='word_1_282' title='bbox 1195 3837 1306 3920; x_wconf 90' lang='lat' dir='ltr'>quoad</span> <span class='ocrx_word' id='word_1_283' title='bbox 1322 3837 1496 3902; x_wconf 88' lang='lat' dir='ltr'>veritatem</span> <span class='ocrx_word' id='word_1_284' title='bbox 1512 3849 1514 3854; x_wconf 79' lang='grc'>’</span> <span class='ocrx_word' id='word_1_285' title='bbox 1544 3893 1549 3903; x_wconf 89' lang='grc'><strong>.</strong></span> 
     </span>
     <span class='ocr_line' id='line_1_34' title="bbox 246 3938 1498 4025; baseline 0.002 -23"><span class='ocrx_word' id='word_1_286' title='bbox 246 3938 455 4022; x_wconf 91' lang='lat' dir='ltr'>Principatus</span> <span class='ocrx_word' id='word_1_287' title='bbox 467 3938 582 4017; x_wconf 86' lang='lat' dir='ltr'>civilis,</span> <span class='ocrx_word' id='word_1_288' title='bbox 593 3939 636 4004; x_wconf 89' lang='lat' dir='ltr'>de</span> <span class='ocrx_word' id='word_1_289' title='bbox 647 3959 716 4023; x_wconf 91' lang='lat' dir='ltr'>quo</span> <span class='ocrx_word' id='word_1_290' title='bbox 726 3939 760 4004; x_wconf 93' lang='lat' dir='ltr'>in</span> <span class='ocrx_word' id='word_1_291' title='bbox 773 3960 845 4023; x_wconf 90' lang='lat' dir='ltr'>cap.</span> <span class='ocrx_word' id='word_1_292' title='bbox 858 3941 923 4019; x_wconf 87' lang='grc' dir='ltr'><strong>ΙΙΙ,</strong></span> <span class='ocrx_word' id='word_1_293' title='bbox 936 3961 1010 4024; x_wconf 86' lang='lat' dir='ltr'>pag.</span> <span class='ocrx_word' id='word_1_294' title='bbox 1023 3943 1075 4006; x_wconf 91' lang='lat'>62.</span> <span class='ocrx_word' id='word_1_295' title='bbox 1086 3941 1172 4025; x_wconf 83' lang='lat' dir='ltr'>Quae</span> <span class='ocrx_word' id='word_1_296' title='bbox 1183 3941 1306 4005; x_wconf 89' lang='lat' dir='ltr'>veritas</span> <span class='ocrx_word' id='word_1_297' title='bbox 1319 3942 1404 4005; x_wconf 87' lang='lat' dir='ltr'>adeo</span> <span class='ocrx_word' id='word_1_298' title='bbox 1421 3940 1498 4006; x_wconf 87' lang='lat' dir='ltr'>fidei</span> 
     </span>
     <span class='ocr_line' id='line_1_35' title="bbox 244 4042 1499 4129; baseline 0.003 -24"><span class='ocrx_word' id='word_1_299' title='bbox 244 4042 418 4106; x_wconf 87' lang='lat' dir='ltr'>catholicae</span> <span class='ocrx_word' id='word_1_300' title='bbox 431 4043 587 4125; x_wconf 89' lang='lat' dir='ltr'>proxima</span> <span class='ocrx_word' id='word_1_301' title='bbox 600 4053 650 4108; x_wconf 89' lang='lat' dir='ltr'>est</span> <span class='ocrx_word' id='word_1_302' title='bbox 664 4053 701 4108; x_wconf 93' lang='lat' dir='ltr'>ut</span> <span class='ocrx_word' id='word_1_303' title='bbox 716 4042 782 4108; x_wconf 92' lang='lat' dir='ltr'>fide</span> <span class='ocrx_word' id='word_1_304' title='bbox 797 4054 888 4109; x_wconf 90' lang='lat' dir='ltr'>certa</span> <span class='ocrx_word' id='word_1_305' title='bbox 903 4045 1041 4110; x_wconf 88' lang='lat' dir='ltr'>dicatur.</span> <span class='ocrx_word' id='word_1_306' title='bbox 1058 4045 1126 4129; x_wconf 85' lang='lat' dir='ltr'>Qui</span> <span class='ocrx_word' id='word_1_307' title='bbox 1142 4065 1216 4109; x_wconf 92' lang='lat' dir='ltr'>eam</span> <span class='ocrx_word' id='word_1_308' title='bbox 1235 4053 1372 4128; x_wconf 90' lang='lat' dir='ltr'>negaret</span> <span class='ocrx_word' id='word_1_309' title='bbox 1387 4065 1424 4108; x_wconf 89' lang='lat' dir='ltr'>se</span> <span class='ocrx_word' id='word_1_310' title='bbox 1439 4066 1499 4109; x_wconf 88' lang='lat' dir='ltr'>ex·</span> 
     </span>
     <span class='ocr_line' id='line_1_36' title="bbox 243 4147 1499 4231; baseline 0.003 -21"><span class='ocrx_word' id='word_1_311' title='bbox 243 4154 382 4229; x_wconf 88' lang='lat' dir='ltr'>poneret</span> <span class='ocrx_word' id='word_1_312' title='bbox 412 4153 502 4210; x_wconf 90' lang='lat' dir='ltr'>certe</span> <span class='ocrx_word' id='word_1_313' title='bbox 532 4148 574 4210; x_wconf 90' lang='lat' dir='ltr'>ad</span> <span class='ocrx_word' id='word_1_314' title='bbox 603 4147 793 4231; x_wconf 87' lang='lat' dir='ltr'>negandam</span> <span class='ocrx_word' id='word_1_315' title='bbox 821 4148 1094 4214; x_wconf 80' lang='lat' dir='ltr'>infallibilitatem</span> <span class='ocrx_word' id='word_1_316' title='bbox 1123 4148 1283 4214; x_wconf 74' lang='lat' dir='ltr'>Ecclesiae</span> <span class='ocrx_word' id='word_1_317' title='bbox 1308 4167 1499 4214; x_wconf 88' lang='lat' dir='ltr'>connexam</span> 
     </span>
     <span class='ocr_line' id='line_1_37' title="bbox 243 4251 1500 4339; baseline 0.002 -24"><span class='ocrx_word' id='word_1_318' title='bbox 243 4270 320 4315; x_wconf 94' lang='lat' dir='ltr'>cum</span> <span class='ocrx_word' id='word_1_319' title='bbox 336 4259 387 4315; x_wconf 92' lang='lat' dir='ltr'>tot</span> <span class='ocrx_word' id='word_1_320' title='bbox 403 4251 572 4336; x_wconf 91' lang='lat' dir='ltr'>tantisque</span> <span class='ocrx_word' id='word_1_321' title='bbox 598 4252 809 4319; x_wconf 89' lang='lat' dir='ltr'>documentis</span> <span class='ocrx_word' id='word_1_322' title='bbox 835 4253 1018 4319; x_wconf 89' lang='lat' dir='ltr'>Pontificiis</span> <span class='ocrx_word' id='word_1_323' title='bbox 1033 4274 1109 4339; x_wconf 87' lang='lat' dir='ltr'>quae</span> <span class='ocrx_word' id='word_1_324' title='bbox 1135 4254 1262 4319; x_wconf 88' lang='lat' dir='ltr'>dehac</span> <span class='ocrx_word' id='word_1_325' title='bbox 1286 4273 1320 4318; x_wconf 89' lang='lat' dir='ltr'>re</span> <span class='ocrx_word' id='word_1_326' title='bbox 1344 4261 1450 4337; x_wconf 92' lang='lat' dir='ltr'>agunt</span> <span class='ocrx_word' id='word_1_327' title='bbox 1466 4261 1500 4317; x_wconf 93' lang='lat' dir='ltr'>et</span> 
     </span>
     <span class='ocr_line' id='line_1_38' title="bbox 243 4353 1052 4441; baseline 0.009 -24"><span class='ocrx_word' id='word_1_328' title='bbox 243 4374 386 4438; x_wconf 91' lang='lat' dir='ltr'>quorum</span> <span class='ocrx_word' id='word_1_329' title='bbox 404 4353 500 4437; x_wconf 92' lang='lat' dir='ltr'>plura</span> <span class='ocrx_word' id='word_1_330' title='bbox 515 4353 688 4421; x_wconf 81' lang='lat' dir='ltr'>infallibile</span> <span class='ocrx_word' id='word_1_331' title='bbox 705 4358 933 4441; x_wconf 92' lang='lat' dir='ltr'>magisterium</span> <span class='ocrx_word' id='word_1_332' title='bbox 951 4358 1052 4425; x_wconf 92' lang='lat' dir='ltr'>olent.</span> 
     </span>
    </p>
   </div>
   <div class='ocr_carea' id='block_1_4' title="bbox 284 4608 945 4761">
    <p class='ocr_par' dir='ltr' id='par_1_8' title="bbox 284 4608 945 4761">
     <span class='ocr_line' id='line_1_39' title="bbox 285 4608 945 4684; baseline 0.014 -22"><span class='ocrx_word' id='word_1_333' title='bbox 285 4622 307 4663; x_wconf 90' lang='lat'>1.</span> <span class='ocrx_word' id='word_1_334' title='bbox 329 4608 491 4679; x_wconf 88' lang='lat' dir='ltr'>Schouppe‚</span> <span class='ocrx_word' id='word_1_335' title='bbox 502 4611 535 4664; x_wconf 83' lang='lat' dir='ltr'>de</span> <span class='ocrx_word' id='word_1_336' title='bbox 546 4610 613 4682; x_wconf 81' lang='lat' dir='ltr'>Reg.</span> <span class='ocrx_word' id='word_1_337' title='bbox 627 4611 718 4681; x_wconf 78' lang='lat' dir='ltr'>Fritei,</span> <span class='ocrx_word' id='word_1_338' title='bbox 731 4629 757 4684; x_wconf 91' lang='lat' dir='ltr'>p.</span> <span class='ocrx_word' id='word_1_339' title='bbox 770 4627 830 4683; x_wconf 85' lang='lat'>207,</span> <span class='ocrx_word' id='word_1_340' title='bbox 844 4613 945 4671; x_wconf 90' lang='lat' dir='ltr'>introd.</span> 
     </span>
     <span class='ocr_line' id='line_1_40' title="bbox 284 4688 752 4761; baseline 0.015 -20"><span class='ocrx_word' id='word_1_341' title='bbox 284 4703 306 4742; x_wconf 88' lang='lat'>2.</span> <span class='ocrx_word' id='word_1_342' title='bbox 328 4688 486 4756; x_wconf 86' lang='lat' dir='ltr'>Scheeben,</span> <span class='ocrx_word' id='word_1_343' title='bbox 503 4691 524 4756; x_wconf 87' lang='grc' dir='ltr'>Ι,</span> <span class='ocrx_word' id='word_1_344' title='bbox 537 4707 563 4761; x_wconf 89' lang='lat' dir='ltr'>p.</span> <span class='ocrx_word' id='word_1_345' title='bbox 578 4691 639 4760; x_wconf 81' lang='lat'><strong>283,</strong></span> <span class='ocrx_word' id='word_1_346' title='bbox 652 4707 679 4747; x_wconf 90' lang='lat' dir='ltr'>n.</span> <span class='ocrx_word' id='word_1_347' title='bbox 692 4707 752 4761; x_wconf 79' lang='lat'>409.</span> 
     </span>
    </p>
   </div>
   <div class='ocr_carea' id='block_1_5' title="bbox 0 0 1758 5482">
    <p class='ocr_par' dir='ltr' id='par_1_9' title="bbox 0 0 1758 5482">
     <span class='ocr_line' id='line_1_41' title="bbox 0 0 1758 5482; baseline 0 0"><span class='ocrx_word' id='word_1_348' title='bbox 0 0 1758 5482; x_wconf 95' lang='lat' dir='ltr'> </span> 
     </span>
    </p>
   </div>
  </div>
 </body>
</html>
