3496 5482
251 447 478 462 '-·——-—
783 456 862 464 --—-

598 516 727 568 CAPUT
755 516 933 568 DECIMUM
961 515 1152 580 QUINTUM.
1434 515 1501 589 371

243 679 318 774 qui,
340 680 449 754 simul
469 683 506 755 in
527 707 640 755 unum
673 682 892 780 congregati
912 699 999 755 ante
1033 680 1306 766 neutralitatem
1329 680 1505 757 decreve-

244 813 330 870 runt
350 797 475 896 Regni
499 797 652 898 Belgici,
675 799 847 874 Ducatus
870 799 1003 897 Magni
1026 798 1385 898 Luxemburgensis,
1419 799 1505 874 Rei·

244 913 401 1010 publicae
436 916 658 1003 Helveticae,
689 916 921 1014 aliarumque
940 916 1155 1015 hujusmodi
1188 916 1382 1004 ditionum,
1403 918 1505 1015 quod

242 1034 394 1129 quidem
426 1036 526 1111 bono
558 1038 660 1135 pacis
680 1047 910 1137 magnopere
940 1036 1081 1123 favens,
1104 1036 1311 1135 aequilibrio
1340 1038 1505 1135 Europae

244 1151 397 1228 minime
416 1155 567 1242 nocuit;
595 1179 659 1231 cur
681 1180 755 1229 non
776 1153 902 1252 aliquo
921 1153 1031 1229 simili
1051 1155 1176 1241 modo,
1208 1180 1320 1252 quem
1341 1155 1503 1253 ipsorum

243 1270 376 1366 peritia
412 1272 518 1348 facile
550 1274 719 1348 invenire
761 1291 896 1371 potest,
936 1273 1143 1370 expediret,
1193 1272 1323 1348 ltalico
1369 1274 1503 1373 guber·

244 1388 306 1462 nio
337 1408 367 1468 v.
398 1416 433 1490 g.
466 1391 740 1467 neutralitatem
772 1391 1005 1489 Principatus
1033 1390 1151 1468 civilis
1182 1391 1221 1465 S.
1248 1391 1359 1466 Sedis
1392 1411 1504 1489 atque

244 1509 573 1607 independentiam
603 1509 797 1586 consulere
829 1536 872 1585 ac
904 1509 1164 1607 persuadere?
1200 1508 1374 1584 Malefica
1402 1529 1504 1585 secta

243 1626 291 1700 de
319 1644 445 1702 cetero
481 1627 666 1703 infirmata
695 1654 742 1702 ex
775 1627 973 1725 publicatis
1007 1627 1157 1702 nefariis
1191 1628 1306 1725 ipsius
1339 1627 1503 1702 consiliis

243 1746 407 1831 secretis,
428 1771 470 1819 ac
490 1762 529 1820 ut
556 1745 693 1842 saepius
722 1743 828 1830 solet,
850 1770 927 1841 prae
946 1745 1102 1819 audacia
1134 1745 1359 1819 asseclarum
1379 1746 1502 1843 potius

242 1891 355 1962 quam
387 1892 464 1963 prae
484 1890 639 1940 numero
669 1865 940 1940 adhaerentium
975 1883 1197 1964 praepotens,
1218 1890 1307 1939 mox
1337 1867 1502 1941 animum

242 1984 430 2059 amitteret
447 2009 484 2058 et
504 1983 608 2058 brevi
636 1984 786 2057 abonis
815 2002 853 2058 et
872 1983 1035 2058 cordatis
1053 1983 1197 2056 civibus
1227 2008 1383 2058 numero
1403 2004 1503 2060 certe

242 2103 531 2198 praevalentibus
551 2119 799 2199 superaretur.
822 2101 882 2175 Eo
902 2101 1029 2199 itaque
1047 2119 1218 2199 spectent
1237 2126 1370 2177 omnes
1386 2106 1502 2178 nostri

242 2240 398 2295 conatus
430 2240 471 2295 ut
501 2248 613 2296 causa
642 2221 711 2296 iter
742 2221 864 2294 active
893 2219 1172 2318 diplomaticum
1204 2220 1341 2296 intrare
1370 2225 1500 2319 possit.

296 2339 364 2414 Uti
382 2366 494 2438 supra
514 2340 805 2414 memoravimus
837 2338 1075 2438 Congressus
1094 2338 1322 2413 Viennensis
1353 2339 1434 2416 aliis
1453 2342 1503 2417 de

242 2458 363 2531 causis
382 2476 611 2532 convocatus
631 2456 871 2531 nihilominus
892 2456 1112 2531 Pontificem
1134 2456 1169 2530 in
1188 2456 1370 2532 ditionem
1394 2485 1500 2534 suam

244 2576 413 2665 restituit,
436 2603 504 2651 nec
523 2577 648 2674 itaque
679 2576 798 2674 magis
818 2601 1028 2674 repugnare
1046 2575 1194 2649 videtur
1212 2577 1301 2674 quin
1333 2603 1429 2653 unus
1452 2578 1502 2652 al-

243 2711 348 2769 terve
367 2719 592 2793 congressus
620 2695 852 2768 Potestatum
885 2694 1081 2768 occasione
1101 2717 1223 2767 rerum
1251 2694 1502 2771 Orientalium

244 2812 339 2886 inter
358 2813 503 2886 Turcas
522 2830 560 2886 et
579 2812 768 2885 Armenos
782 2813 1124 2908 componendarum
1140 2811 1262 2898 initus,
1285 2837 1434 2911 quoque
1453 2814 1502 2887 de

243 2927 424 3003 solvenda
444 2928 596 3025 pacifice
622 2929 830 3026 quaestione
856 2929 1027 3003 Romana
1047 2947 1230 3016 tractaret,
1254 2956 1368 3027 quum
1399 2932 1501 3004 enim

245 3071 318 3119 non
339 3046 394 3119 sas
412 3047 460 3120 sit
474 3046 627 3121 credere
644 3045 834 3143 Principes
849 3046 1013 3145 Europae
1032 3047 1142 3145 hujus
1155 3046 1351 3122 solutionis
1369 3073 1500 3123 curam

243 3164 430 3263 complete
443 3165 523 3264 jam
543 3165 713 3239 amisisse
731 3163 787 3264 (¹)

297 3284 387 3357 Non
406 3283 607 3380 desperant
625 3282 776 3380 quidem
805 3283 997 3358 clarissimi
1018 3310 1162 3359 necnon
1193 3283 1406 3381 peritissimi
1432 3285 1501 3358 viri

244 3402 291 3476 de
311 3401 527 3501 Congressu
546 3401 654 3476 unice
683 3401 781 3475 hunc
801 3402 836 3475 in
868 3401 981 3477 finem
1001 3421 1217 3489 convocatu,
1251 3420 1290 3477 ut
1311 3421 1501 3500 tamquam

245 3520 404 3594 tribunal
419 3521 563 3619 judicet
581 3522 718 3619 agendi
738 3522 920 3596 rationem
944 3522 1061 3596 ltaliae
1091 3548 1181 3620 erga
1202 3521 1422 3596 Pontificem
1445 3520 1501 3620 (²).

296 3638 506 3736 Sequamur
524 3664 616 3737 ergo
644 3657 682 3713 et
714 3665 782 3714 nos
811 3639 874 3713 filii
905 3641 1047 3714 monita
1068 3640 1187 3714 Patris
1220 3641 1336 3714 nostri
1361 3640 1503 3715 Leonis

246 3758 350 3832 Xlll
372 3786 379 3833 :
400 3769 421 3798 ‘⁸
442 3759 634 3855 Quantum
650 3758 735 3858 lege
756 3778 913 3856 possunt
931 3758 1112 3846 catholici,
1133 3759 1291 3859 agendo,
1319 3759 1501 3858 rogando,

245 3879 520 3965 contendendo,
537 3897 680 3953 tantum
698 3878 888 3953 Pontificis
902 3904 1043 3964 caussa,
1060 3880 1248 3953 enitantur
1265 3898 1303 3954 et
1323 3877 1504 3963 efficiant3

284 4122 305 4160 ι.
326 4107 342 4135 “
354 4108 451 4162 Croire
460 4126 516 4179 que
529 4109 570 4163 les
584 4108 753 4165 Puissances
766 4119 833 4164 vont
843 4108 1004 4165 sedesister
1016 4108 1202 4164 entierement
1216 4107 1254 4162 du
1267 4107 1343 4161 droit
1357 4106 1393 4160 de
1407 4106 1505 4161 veiller

245 4186 263 4240 a
275 4187 303 4240 la
316 4187 437 4242 securite
450 4188 488 4242 du
502 4189 579 4257 Pape
592 4189 677 4244 serait
690 4188 726 4244 de
738 4189 766 4243 la
788 4199 851 4260 part
865 4188 902 4243 du
917 4189 1045 4257 Quirinal
1060 4205 1114 4242 une
1136 4186 1248 4243 illusion
1261 4187 1374 4241 denuee
1395 4187 1432 4241 de
1444 4186 1504 4239 ion-

246 4265 370 4321 dement.
381 4267 395 4294 ’'
404 4269 463 4335 (De
475 4267 503 4322 la
517 4268 604 4337 Vega,
618 4270 669 4322 Les
684 4269 820 4323 relations
838 4269 951 4322 entrele
965 4265 1141 4336 SaintSr'lge
1152 4268 1215 4321 elle
1230 4283 1370 4333 royaume
1381 4265 1506 4332 d’Italr'e,

246 4365 273 4418 a·
288 4347 342 4415 25)-

284 4441 307 4481 2.
329 4427 344 4455 ‘¹
357 4427 451 4481 L’idte
464 4427 529 4481 d'un
542 4428 662 4497 congrcs
671 4430 722 4483 des
734 4427 863 4484 cabinets
876 4427 911 4481 de
922 4428 1055 4498 l’Europe
1068 4427 1173 4482 -idee
1183 4443 1238 4498 que
1251 4426 1278 4494 je
1291 4441 1364 4494 sugg
1373 4423 1421 4480 ere
1433 4422 1506 4479 dans

248 4522 296 4559 ma
308 4506 457 4576 brochum,
470 4524 587 4577 -pour
597 4509 687 4577 juger,
700 4524 812 4563 comme
833 4524 869 4562 en
882 4524 951 4561 cour
965 4507 1001 4562 de
1010 4507 1123 4577 justice,
1136 4507 1163 4560 la
1176 4505 1310 4560 conduite
1324 4503 1361 4557 du
1381 4505 1507 4557 Gouver·

248 4596 363 4639 nenrent
380 4587 489 4654 ltalien,
502 4586 573 4640 aete
586 4588 720 4656 acceptee
741 4605 792 4658 par
805 4588 832 4640 la
851 4603 948 4656 presse
969 4603 1026 4641 non
1036 4586 1199 4656 catholique
1219 4584 1331 4655 jusqu'a
1345 4600 1383 4637 un
1399 4580 1508 4637 certain

250 4664 338 4734 point.
350 4666 364 4692 ”
378 4665 475 4733 (card
489 4665 640 4734 Vaughan,
653 4668 748 4719 Lerrre
759 4666 777 4719 cl
789 4665 879 4719 l’abbl
888 4665 1018 4733 Monate,
1030 4681 1046 4734 3
1058 4681 1136 4719 mars
1153 4664 1241 4732 1889).
