3496 5482
529 479 542 485 -
559 477 817 486 ..—————-—---
1021 480 1238 487 --—-·---——-.--
1251 481 1414 488 ..—-.—.-.-
1436 483 1468 489 ς.
1486 482 1575 488 .-....—

330 522 377 597 66
739 541 832 591 tam
859 541 918 592 stt
946 541 1021 591 nux
1050 541 1177 594 noua.

675 648 796 654 —.--—
813 648 947 654 -..·-—--
1226 651 1583 661 —-——...--——*-.

328 698 492 782 monium
505 705 634 803 primis
647 702 803 779 saeculis
818 705 940 780 eidem
953 707 1359 806 contigerunt,victrice
1370 734 1588 808 egressa,—

327 840 459 911 aetate,
478 818 575 922 quae
607 822 785 898 infantiae
816 822 887 896 dici
905 840 1039 921 potest,
1074 842 1271 912 transacta,
1303 850 1493 924 quumque
1513 827 1585 901 iam

327 961 474 1040 tempus
488 940 715 1033 advenisset,
736 966 812 1039 quo
830 966 871 1015 se
891 940 928 1014 in
949 939 1059 1038 plena
1073 942 1174 1017 vitae
1193 942 1444 1041 explicatione
1461 963 1586 1020 osten·

326 1062 442 1148 deret,
453 1058 634 1136 Romanis
657 1060 901 1135 Pontificibus
914 1086 1013 1135 nova
1030 1087 1072 1135 ac
1091 1061 1263 1158 specialis
1276 1088 1397 1137 rerum
1417 1064 1585 1139 conditio

327 1179 476 1276 incepit.
500 1179 610 1255 Haec
630 1177 862 1276 pedetentim
890 1180 1207 1268 concurrentibus,
1233 1181 1305 1255 Dei
1328 1182 1490 1269 numine,
1506 1183 1586 1280 qui·

326 1290 485 1374 busdam
508 1297 680 1396 propitiis
716 1321 839 1373 rerum
863 1297 1059 1384 adiunctis,
1082 1297 1309 1374 instabilem
1338 1298 1448 1373 desiit
1466 1298 1586 1373 civilis

325 1412 541 1492 eorumdem
565 1416 799 1514 Principatus
813 1414 1119 1490 constitutionem
1135 1414 1190 1515 (¹).
1214 1414 1231 1443 ''

378 1554 427 1612 11.
440 1533 716 1610 Necessitatem
729 1533 883 1608 dominii
903 1533 1119 1631 temporalis
1137 1534 1287 1608 Sanctae
1299 1534 1410 1610 Sedis
1424 1536 1584 1632 probant

326 1652 385 1728 vel
414 1653 495 1751 ipsa
526 1652 763 1726 incommoda
791 1677 877 1750 quae
895 1653 976 1750 ejus
1004 1651 1238 1726 invasionem
1258 1670 1387 1727 secuta
1416 1671 1514 1729 sunt.
1535 1699 1586 1710 -

328 1778 424 1852 Haec
439 1777 535 1852 inter
553 1775 624 1851 alia
643 1794 897 1850 numerantur:
916 1801 983 1873 per
1001 1776 1248 1850 amissionem
1270 1775 1406 1875 regalis
1425 1803 1502 1852 suae
1521 1802 1585 1875 po-

323 1895 470 1972 testatis
496 1895 673 1993 adempta
700 1912 757 1970 est
791 1893 935 1969 Pastori
971 1919 1147 1991 supremo
1178 1919 1324 1967 summa
1360 1893 1511 1969 libertas
1547 1906 1584 1970 e‘t

322 2014 503 2090 securitas
522 2011 738 2099 litterarum,
772 2011 908 2109 quibus
927 2011 1041 2087 debet
1069 2036 1153 2085 cum
1175 2011 1351 2086 universo
1379 2013 1584 2087 communi·

322 2158 407 2208 care
431 2131 524 2206 orbe
542 2147 735 2206 terrarum.
758 2139 779 2168 ‘⁸
801 2129 929 2204 Nemo
954 2129 1054 2203 enim
1074 2146 1142 2216 est,
1164 2174 1214 2185 -
1232 2155 1334 2204 sanae
1366 2130 1513 2217 mentis,
1533 2131 1584 2206 ait
1640 2192 1648 2203 .

326 2245 414 2325 Pius
437 2249 602 2347 lX,quin
619 2248 745 2323 videat
764 2263 801 2322 et
821 2247 990 2331 fateatur,
1006 2247 1107 2344 quod
1121 2266 1251 2344 erepta
1267 2247 1389 2321 Nobis
1408 2274 1582 2345 suprema

325 2370 385 2446 illa
404 2397 446 2445 ac
466 2369 583 2444 libera
601 2386 796 2466 potestate,
811 2392 886 2465 qua
901 2367 938 2441 in
957 2366 1094 2466 publici
1109 2392 1242 2441 cursus
1262 2393 1329 2441 usu
1349 2368 1582 2466 proindeque

324 2490 360 2564 in
373 2487 522 2586 publico
541 2485 782 2585 epistolarum
801 2484 1027 2560 commercio
1046 2484 1166 2559 civilis
1189 2485 1322 2559 Nostri
1343 2485 1577 2582 Principatus

317 2607 403 2707 jure
423 2606 636 2681 fruebamur
653 2633 713 2691 ;-
731 2622 769 2678 et
787 2629 870 2677 cum
886 2602 1003 2678 fidere
1019 2628 1093 2678 non
1109 2603 1498 2702 possimusgubernio
1511 2604 1580 2701 ipsi

318 2723 425 2821 quod
444 2749 527 2798 eam
546 2722 616 2796 sibi
642 2725 868 2819 potestatem
888 2722 1089 2820 arrogavit,
1105 2724 1314 2797 necessaria
1329 2722 1580 2819 expeditaque

323 2841 385 2916 via
403 2867 445 2915 ac
477 2839 593 2915 libera
622 2839 798 2915 facultate
818 2865 971 2937 prorsus
990 2840 1241 2915 destituamur
1259 2841 1412 2939 negotia
1429 2839 1579 2940 agendi,

320 2983 405 3056 quae
423 2959 517 3056 Jusu
539 2960 704 3033 Cumsm
727 2958 895 3031 Vicarius
915 2976 952 3031 et
971 2959 1183 3033 communis
1201 2958 1365 3033 fidelium
1390 2960 1509 3046 Pater,
1532 2961 1578 3033 ad

321 3101 432 3172 quem
448 3074 511 3151 filii
531 3101 578 3149 ex
597 3076 699 3149 omni
723 3075 816 3149 orbe
845 3075 1077 3173 confugiunt,
1102 3076 1256 3149 omnino
1279 3093 1506 3172 pertractare
1536 3103 1579 3151 ac

319 3193 500 3294 expedire
518 3198 632 3272 debet
650 3195 706 3296 (²).
728 3197 746 3224 ”

371 3312 458 3388 Alia
478 3315 715 3389 incommoda
731 3332 927 3389 enumerat
950 3315 1144 3388 Romanus
1167 3314 1350 3388 Pontifex.

374 3434 447 3506 “li
473 3459 536 3531 qut
527 3434 727 3508 Vaticani
744 3434 862 3508 nostri
880 3433 1069 3508 domicilio
1081 3434 1381 3531 egrediebantur,
1400 3433 1578 3531 perquisi-

321 3555 411 3628 tiom
404 3553 584 3651 subjecti
606 3552 717 3639 fuere,
733 3551 1014 3649 explorantibus
1033 3552 1204 3650 gubernii
1229 3552 1415 3641 militibus,
1440 3554 1472 3627 si
1494 3578 1578 3651 quae

320 3672 369 3747 illi
388 3674 459 3747 sub
480 3672 714 3745 vestimentis
733 3671 957 3746 occulerent

373 3790 510 3885 ‘Quis
541 3789 681 3863 nesciat
712 3814 822 3885 quam
857 3788 951 3861 facili
980 3789 1133 3889 negotio
1165 3789 1377 3888 hujusmodi
1405 3789 1577 3864 allucina-

320 3908 442 3983 tiones
461 3907 585 3982 iterari
603 3931 646 3979 ac
665 3905 747 3979 aliae
765 3931 812 3979 ex
832 3904 913 3979 aliis
932 3905 1091 3980 suboriri
1111 3907 1288 4003 possint?

372 4035 394 4066 “
416 4024 458 4098 ln
476 4026 607 4121 ¹Lyceo
625 4048 764 4123 magno
786 4023 902 4096 Urbis
920 4049 1065 4099 annuus
1083 4023 1361 4128 disciplinarum
1380 4041 1509 4100 cursus
1527 4027 1577 4101 ob

320 4147 430 4221 falsas
449 4167 699 4240 erroneasque
728 4142 916 4216 doctrinas
935 4161 980 4216 et.
992 4142 1042 4216 ob
1061 4167 1188 4244 eorum
1219 4126 1410 4249 ingenium
1430 4145 1493 4241 qui
1512 4170 1577 4226 eas

307 4264 479 4353 tradunt,
513 4262 549 4335 in
582 4287 664 4336 eam
694 4259 948 4336 conditionem
981 4259 1177 4359 prolapsus
1197 4274 1277 4349 est,
1298 4287 1432 4369 quaela
1458 4262 1575 4348 veteri

306 4383 428 4482 longe
448 4383 643 4479 discrepat.
1540 4403 1542 4407 ’

346 4537 395 4543 ’,ω
411 4535 669 4542 ,..--....--,,
687 4536 740 4543 „-
897 4535 962 4540 .--,..
976 4535 1010 4539 .-.
1059 4535 1063 4539 .
1144 4535 1178 4539 ....
1247 4535 1253 4540 .
1267 4536 1276 4539 .
1291 4534 1321 4540 ....
1332 4536 1335 4540 .
1347 4535 1433 4540 -..-
1447 4534 1574 4544 ..η-ᾔ

356 4613 375 4651 t.
400 4596 544 4649 LeoXlll
550 4597 662 4666 ,Epist
678 4597 844 4650 ndCardin.
864 4595 1023 4666 Rampolla‚
1041 4535 1156 4687 15Junii
1176 4597 1251 4660 1887.

354 4694 378 4735 2.
393 4678 460 4731 Pius
476 4675 526 4745 lX,
543 4637 608 4733 litt.
623 4692 656 4746 ²9
672 4678 749 4748 Sept.
768 4677 844 4743 1870.
1324 4672 1328 4680 ’
