3496 5482
572 669 782 750 CAPUT
812 668 1182 750 SEPTIMUM.

246 812 390 895 Secta
422 810 653 896 malefica
674 815 970 894 Massonum
1004 812 1188 894 mediis
1219 815 1502 916 omnigenis

294 929 579 1030 aggreditur
605 949 769 1013 arcem
801 929 1108 1011 tutissimam
1139 931 1332 1013 ordinis
1364 936 1501 1015 chri-

292 1047 442 1129 stiani
471 1053 520 1128 et
547 1047 745 1128 socialis
778 1052 827 1127 et
857 1046 921 1128 de
953 1064 1010 1126 ea
1038 1047 1360 1149 triumphum
1390 1055 1503 1152 agit,

296 1167 593 1251 Dominium
625 1168 670 1248 S.
694 1166 837 1247 Sedis
858 1170 1175 1268 Romamque
1194 1171 1501 1269 occupando.

285 1419 312 1475 1.
342 1413 563 1486 Temporale
585 1408 657 1472 hoc
687 1413 907 1473 Dominium
929 1414 1136 1485 saepissime
1161 1419 1433 1486 oppugnatum.
1464 1447 1504 1458 -

240 1515 274 1574 2.
300 1515 383 1572 Hoc
404 1513 544 1571 saeculo
559 1511 756 1570 molimina
781 1511 997 1569 Massonum
1024 1524 1093 1585 per
1116 1517 1192 1570 tres
1211 1517 1346 1584 pbases
1366 1525 1504 1586 proce·-

240 1613 338 1672 dunt
359 1622 522 1684 quarum
543 1610 664 1682 prima
687 1615 744 1668 est
765 1609 889 1667 villania
911 1609 1111 1684 1131113111.-
1125 1611 1157 1670 3.
1183 1610 1257 1669 Leo
1279 1611 1353 1669 xii
1378 1611 1418 1668 in
1439 1623 1504 1670 eos

241 1709 360 1769 saevit.
380 1742 421 1752 -
434 1707 471 1767 4.
490 1709 630 1766 Eorum
646 1707 805 1766 audacia
818 1707 890 1766 sub
908 1707 972 1765 Pio
988 1708 1092 1765 viii.
1106 1741 1145 1751 -
1160 1708 1193 1768 5.
1212 1709 1257 1767 Et
1270 1709 1342 1768 sub
1358 1711 1503 1780 Grego-

241 1810 299 1869 rio
315 1810 412 1867 11111.
430 1839 470 1849 -
484 1807 517 1867 6.
542 1805 753 1865 Secundam
780 1805 882 1864 viam
907 1805 1050 1882 ineunt,
1066 1819 1203 1879 nempe
1223 1807 1447 1884 diplomaticam.
1464 1842 1504 1852 -

241 1908 273 1967 7.
291 1904 560 1969 concessiones
574 1903 629 1962 Pii
654 1904 718 1962 IX.
734 1936 774 1946 —
790 1903 824 1963 8.
839 1903 913 1976 Qui
940 1909 1092 1963 coactus
1106 1909 1161 1963 est
1178 1905 1345 1978 cajetam
1362 1911 1503 1978 petere.
1520 1907 1525 1911 ’

241 2040 280 2050 -
305 2005 338 2066 9.
363 2003 535 2076 Quatuor
565 2001 835 2060 catholicarum
866 2002 1044 2073 implorat
1079 2016 1191 2075 opem
1228 2005 1437 2063 nationum.
1464 2038 1505 2047 -

243 2105 298 2164 10.
311 2104 405 2176 Quae
416 2100 494 2159 suis
505 2099 622 2173 copiis
633 2099 852 2160 Dominium
870 2100 904 2160 S.
921 2099 1027 2160 Sedis
1043 2100 1215 2159 liberant.
1226 2136 1266 2145 -
1292 2103 1341 2160 11.
1357 2105 1503 2161 Accen-

240 2202 297 2262 dit
316 2200 483 2259 iurorem
502 2199 719 2257 Massonum
736 2198 995 2257 concordatus
1012 2199 1104 2260 1855
1117 2212 1203 2257 cum
1215 2200 1363 2258 Austria
1376 2199 1503 2257 initus.

241 2333 281 2345 -
297 2297 351 2358 12.
366 2299 537 2369 Regnum
554 2296 803 2368 Subaiplnum
819 2294 1014 2354 castelium
1031 2296 1073 2354 iit
1088 2297 1374 2369 coniuratorum
1400 2299 1503 2356 Mas-

241 2410 389 2459 sonum.
410 2427 451 2439 -
475 2394 527 2456 13.
547 2394 715 2454 Durante
737 2394 837 2453 bello
861 2395 953 2454 1859
976 2407 1063 2452 cum
1080 2396 1239 2469 austria,
1268 2394 1504 2454 Pontiiiciam

241 2497 426 2557 ditionem
446 2492 672 2566 perturbant
688 2493 891 2550 Massones.
908 2524 948 2534 -
966 2492 1019 2550 14.
1036 2493 1160 2551 Tertia
1175 2494 1321 2565 pbasls:
1347 2493 1504 2550 nationali·

242 2596 312 2654 tati's
346 2592 493 2651 Italt’ana.
517 2625 557 2634 -
594 2589 646 2649 15.
682 2590 873 2649 pertidum
897 2590 1138 2650 latrocinium
1163 2593 1381 2650 Massonum
1403 2592 1504 2663 apud
1548 2596 1551 2603 “

243 2692 522 2757 casteilldardo.
560 2724 600 2734 —
634 2691 686 2752 16.
714 2691 960 2750 proclamatio
998 2691 1020 2722 ‘·
1042 2691 1195 2764 Syllam,
1210 2691 1229 2721 ”
1255 2689 1359 2765 1864,
1390 2692 1506 2760 magis

246 2797 437 2854 Massones
471 2789 653 2848 accendit.
675 2822 714 2831 —
749 2789 799 2849 17.
832 2788 996 2847 Victoria
1025 2790 1189 2848 miiitum
1228 2789 1504 2848 Pontillcailum

243 2894 343 2967 apud
375 2893 667 2951 Nomentanum.
684 2922 722 2931 —
747 2891 800 2948 18.
820 2891 985 2949 conatus
1003 2891 1220 2948 Massonum
1236 2890 1282 2947 ad
1299 2890 1505 2949 debilitan-

244 2993 336 3051 dum
349 2989 521 3048 nationes
536 2988 780 3059 protectrices
796 2988 830 3046 S.
851 2988 1012 3046 Sedis-
1030 2989 1080 3048 19.
1093 2988 1194 3048 Ordo
1218 2987 1507 3058 chronologicus

246 3093 467 3151 ultimorum
480 3092 698 3146 eventuum.
711 3120 751 3128 —
766 3085 826 3146 20.
839 3087 989 3146 invasio
1001 3086 1114 3146 Urbis
1130 3085 1193 3147 20a
1203 3087 1265 3146 die
1278 3086 1509 3158 Septembris

247 3191 348 3252 1870.
364 3221 403 3230 -
417 3187 474 3245 21.
491 3185 686 3246 Comoedia
714 3185 1123 3244 plebiscita-iustitia
1138 3184 1301 3250 hominis
1311 3188 1348 3241 et
1359 3184 1507 3256 justitia

247 3290 324 3350 Del.
357 3284 535 3358 Napoieo‚
556 3282 933 3341 victor-Emmanuel
955 3296 997 3339 ac
1023 3284 1109 3340 Plus
1134 3284 1196 3341 ix.
1224 3315 1262 3324 —
1279 3281 1338 3340 22.
1365 3283 1506 3340 Electio

246 3385 380 3446 Leonis
394 3382 504 3457 Xiii,
515 3381 581 3453 qui
602 3380 726 3452 rejicit
748 3395 770 3437 a
786 3381 1025 3440 Massonibus
1045 3386 1238 3453 speratum
1253 3382 1367 3437 modum
1382 3379 1504 3438 viandi.

243 3521 283 3532 -
297 3486 357 3546 23.
380 3481 611 3543 Gloriilcatio
632 3482 780 3541 Satanae
796 3483 833 3537 111
853 3482 966 3553 Urbe,
991 3481 1185 3537 occasione
1207 3480 1303 3550 signi
1325 3484 1504 3552 apostatae

246 3589 385 3661 Bruno,
419 3600 441 3644 a
474 3580 709 3643 Massonibus
741 3582 869 3655 erecti,
901 3581 1038 3639 deinde
1071 3580 1326 3652 Apotheoseos
1347 3580 1503 3651 jubilaei

243 3686 291 3745 25
316 3696 504 3744 annorum
527 3684 575 3743 ab
589 3683 689 3743 Urbe
704 3684 812 3752 capta
833 3678 882 3740 20
899 3679 1131 3752 Septembris
1149 3679 1251 3739 1896.
1269 3711 1306 3720 -
1322 3679 1383 3736 24.
1403 3680 1505 3737 Con-

243 3784 384 3844 clusio:
414 3782 643 3842 instabilitas
662 3779 768 3850 regni
786 3779 986 3838 Massonici
1006 3779 1044 3836 in
1064 3781 1221 3849 Europa.

295 4039 324 4096 1.
342 4023 432 4121 Jure
451 4023 584 4097 merito
604 4039 729 4118 potest
747 4019 916 4092 Ecclesia
934 4020 1114 4105 Romana,
1133 4019 1264 4092 intuita
1282 4020 1500 4094 Dominium

242 4128 352 4218 suuni
369 4143 478 4218 civile
493 4162 530 4217 et
546 4141 818 4238 retrospiciens,
839 4163 989 4213 cantare
1007 4166 1091 4213 cum
1114 4138 1333 4215 Psalmista:
1356 4143 1503 4238 “Saepe

243 4282 555 4362 expugnaverunt
575 4288 635 4335 me
653 4262 888 4359 ajuventute
907 4285 1001 4345 mea,
1021 4259 1120 4333 dicat
1140 4284 1236 4332 nunc
1259 4259 1385 4347 israel,
1402 4287 1503 4358 saepc

244 4399 559 4482 expugnaverunt
578 4407 638 4456 me
667 4409 688 4455 a
711 4382 912 4480 juventute
932 4404 1030 4464 mem
1050 4379 1189 4452 etenim
1209 4404 1282 4452 non
1303 4399 1505 4476 potuerunt

246 4502 334 4575 mihi
355 4501 412 4603 (¹).
435 4503 452 4529 ''

712 4626 1399 4634 .———————————-——.-—-..-—-
1404 4623 1505 4630 ---—-

284 4683 306 4724 1.
323 4671 586 4739 Psalm.,cxxv111‚
602 4683 624 4723 l.
