3496 5482
306 562 351 649 76
716 574 808 624 PAPA
837 574 896 625 SIT
923 574 999 624 REX
1028 574 1153 627 ROMAE.
1186 584 1189 591 ’

355 736 481 812 Nemo
500 754 557 812 est
571 734 635 835 qui
654 735 796 810 nesciat
814 761 881 833 per
900 737 938 811 S.
964 737 1131 812 Leonem
1153 737 1290 814 iactum
1319 740 1443 824 fuisse,
1463 762 1563 811 anno

302 879 386 951 452,
408 873 447 931 ut
467 853 597 941 Attila,
610 854 837 928 Hunnorum
854 880 930 941 rex,
947 856 1080 929 Romae
1099 877 1278 954 parceret,
1295 876 1430 932 etcum
1443 854 1560 953 copiis

302 974 379 1048 suis
398 973 600 1064 recederet.
625 970 741 1046 Paulo
760 990 855 1070 post,
877 998 977 1047 anno
996 1000 1131 1074 nempe
1149 997 1233 1070 455,
1269 976 1366 1050 idem
1389 973 1562 1049 Pontifex

213 1079 217 1088 ¹
302 1118 324 1167 a
344 1091 562 1178 Genserico,
583 1089 838 1165 Vandalorum
855 1115 956 1188 rege,
979 1090 1150 1181 obtinuit,
1171 1112 1211 1168 ut
1236 1093 1339 1168 Urbs
1353 1109 1564 1169 servaretur
1683 1144 1686 1150 2

302 1231 340 1287 et
359 1211 437 1286 vita
456 1209 704 1286 habitantium
725 1209 921 1285 incolumis
939 1230 1049 1288 esset.

355 1330 436 1405 Sub
455 1328 706 1417 Theodorico‚
715 1328 928 1404 Gothorum
948 1356 1038 1430 rege
1058 1331 1202 1408 Ariano
1215 1328 1263 1434 (a
1280 1331 1381 1433 488),
1401 1333 1562 1407 Romani

306 1446 497 1523 Pontificis
516 1447 678 1521 influxus
698 1447 733 1521 in
754 1473 812 1521 res
827 1473 977 1546 quoque
996 1450 1124 1524 civiles
1140 1450 1323 1523 maximus
1340 1448 1559 1524 habebatur.

354 1569 427 1644 Ast
447 1588 616 1667 tempore
638 1568 975 1666 Longobardorum
995 1569 1043 1669 (a.
1068 1569 1156 1670 568)
1169 1568 1373 1669 jamviget
1392 1570 1428 1644 in
1461 1570 1562 1666 Papa

303 1688 465 1762 influxus
483 1705 521 1763 et
539 1687 723 1785 protectio
742 1712 854 1783 quam
886 1688 994 1763 decet
1016 1687 1226 1785 Principem
1240 1687 1379 1763 habere
1398 1687 1434 1761 in
1462 1714 1560 1774 suos

298 1805 378 1905 jam
398 1805 546 1879 unicum
566 1803 750 1903 refugium
771 1823 808 1878 et
832 1823 951 1879 tutum
986 1804 1088 1881 Italis
1118 1807 1332 1904 praesidium
1366 1806 1562 1880 videbatur

148 1991 152 1998 .
223 1949 225 1952 ·
303 1926 372 2001 soli
391 1926 431 2002 S.
453 1926 691 2002 Sediinesse.
716 1925 890 2000 Pontifex
917 1926 1017 2001 enirn
1036 1927 1225 2002 multoties
1253 1951 1383 2023 pacem
1402 1944 1440 2000 et
1454 1943 1562 2023 pacta

303 2045 474 2121 conciliat
497 2043 611 2120 Italos
631 2044 727 2119 inter
754 2061 792 2119 et
824 2045 1109 2143 Longobardos,
1133 2045 1196 2143 qui
1224 2042 1414 2118 Pontificis
1440 2042 1560 2140 digni·

303 2180 417 2238 tatem
432 2162 549 2238 multo
560 2162 643 2261 plus
658 2163 925 2238 reverebantur
936 2189 1048 2263 quam
1060 2162 1303 2239 exarcharum
1316 2160 1559 2260 imperialium
1574 2166 1576 2171 '

303 2299 541 2379 potestatem.
1594 2380 1596 2385 ,

355 2399 469 2475 Tanti
498 2401 645 2475 suerunt
682 2401 717 2472 in
752 2399 936 2498 ejusmodi
962 2401 1102 2499 gestis,
1132 2418 1295 2474 exeunte
1334 2396 1470 2473 saeculo
1502 2398 1556 2470 VI

297 2537 340 2593 ¹et
359 2517 510 2592 ineunte
529 2519 622 2602 VII,
645 2517 683 2592 S.
706 2518 880 2617 Gregorii
914 2519 1039 2619 magni
1059 2517 1215 2604 labores,
1238 2537 1278 2593 ut
1298 2517 1459 2591 influxus
1478 2519 1560 2616 ejus

297 2637 376 2735 jam
398 2637 485 2712 inde
508 2637 736 2734 Principatui
756 2639 902 2712 cuidam
922 2637 1020 2712 civili
1041 2638 1151 2737 plane
1170 2664 1323 2735 compar
1341 2638 1556 2723 essetlmo,

302 2755 410 2831 sicuti
429 2756 604 2856 egregius
625 2756 735 2830 Card.
757 2755 1059 2855 Hergenroether
1082 2758 1118 2830 in
1144 2783 1210 2831 sua
1229 2755 1376 2853 scripsit
1391 2755 1558 2841 historia,

280 2940 282 2943 .
303 2873 402 2949 curia
420 2901 542 2974 graeca
563 2874 659 2948 sacta
679 2873 864 2949 imbecilla
887 2876 1186 2974 Lombardisque
1211 2874 1486 2958 invadentibus,
1506 2875 1559 2949 di-

301 3016 386 3064 cere
423 2990 478 3063 sas
493 3010 550 3064 est
570 2989 757 3088 Gregorio
782 2991 950 3065 Pontifici
985 2992 1275 3066 incumbendum
1295 2991 1409 3065 fuisse
1428 2992 1559 3089 majori

303 3109 538 3208 negotiorum
570 3108 802 3183 saecularium
835 3111 940 3205 parti,
970 3135 1083 3207 quum
1120 3109 1377 3215 unusquisque
1403 3111 1451 3183 ab
1479 3110 1560 3208 ipso

302 3229 513 3326 praesidium
542 3256 583 3302 ac
619 3229 777 3304 salutem
810 3249 963 3327 peteret.
990 3230 1076 3326 Ipse
1105 3229 1235 3304 debuit
1266 3229 1454 3327 impensas
1474 3229 1559 3304 belii
1629 3268 1632 3273 ·

306 3345 529 3420 Lombardis
548 3345 635 3420 illati
665 3367 853 3446 praestare,
878 3347 1009 3421 Romae
1028 3364 1066 3421 et
1094 3346 1249 3421 vastatis
1273 3346 1390 3421 ltaliae
1410 3348 1557 3445 provin·

301 3464 368 3537 ciis
382 3464 607 3541 frumentum
626 3467 833 3564 providere,
851 3492 982 3540 securo
996 3467 1074 3541 otio
1088 3465 1334 3540 habitantium
1351 3466 1556 3564 invigilare,

301 3583 364 3678 qui
377 3583 525 3680 justitia
542 3585 624 3682 ejus
652 3604 690 3660 et
719 3585 1005 3659 mansuetudine
1021 3585 1107 3670 nixi,
1130 3584 1312 3682 promptis
1336 3584 1469 3657 animis
1489 3583 1557 3681 ipsi

302 3700 529 3775 obediebant
548 3701 562 3802 (
579 3701 604 3803 )
1551 3783 1554 3791 Ι

354 3820 500 3894 Saeculo
534 3822 693 3918 septimo
724 3841 762 3896 et
790 3820 941 3895 ineunte
973 3840 1120 3905 octavo,
1149 3846 1207 3894 res
1245 3845 1318 3894 non
1346 3839 1489 3895 tantum
1522 3820 1558 3893 in

302 3939 435 4013 eodem
449 3957 547 4013 statu
564 3959 856 4037 permanserunt,
871 3942 938 4014 sed
958 3959 995 4014 et
1011 3940 1130 4039 magis
1142 3939 1358 4014 confirmata
1372 3938 1438 4013 fuit
1457 3941 1559 4039 regia

303 4060 486 4156 protectio
501 4060 660 4135 S.Sedis
678 4077 716 4134 et
735 4061 1062 4160 magismagisque
1086 4059 1167 4132 Itali
1187 4060 1469 4133 considerarunt
1492 4062 1558 4132 Pa·
1665 4069 1668 4074 “

301 4203 387 4276 pam
407 4205 474 4252 ceu
490 4198 738 4276 protectorem
753 4179 978 4276 praecipuum
1000 4205 1042 4252 ac
1058 4179 1202 4251 ducem.
1228 4178 1330 4251 Hinc
1345 4178 1481 4253 sactum
1501 4196 1559 4251 est

301 4314 351 4382 ut,
372 4296 465 4371 dura
492 4315 529 4371 et
553 4297 655 4371 italis
686 4323 802 4371 exosa
830 4324 914 4371 cum
950 4317 1050 4372 esset
1081 4297 1416 4395 Longobardorum
1441 4296 1557 4370 domi·

301 4415 403 4489 natio
423 4416 458 4489 in
472 4416 671 4489 maximam
691 4415 808 4490 italiae
828 4439 972 4512 partem
999 4441 1202 4512 eorumque
1219 4441 1282 4489 rex
1307 4415 1559 4511 Luitprandus

304 4536 461 4637 Romam
477 4537 556 4635 jam
585 4537 785 4620 obsideret,
808 4536 1015 4634 Gregorius
1044 4536 1125 4642 ill,
1146 4535 1248 4608 omni
1267 4560 1334 4630 spe
1352 4535 1559 4632 accipiendi

341 4736 363 4781 1.
380 4725 611 4796 Hergenroether,
626 4725 704 4779 Hisr.
714 4724 748 4779 de
758 4706 885 4797 Cdglise,
897 4722 937 4794 11,
946 4741 972 4796 p.
988 4726 1047 4795 382.
