3496 5482
172 493 540 502 .--—--.—..---›--.——-
747 493 806 499 ..-m
816 492 972 499 ---——--
986 492 1008 498 ..a
1015 492 1304 502 -.....-·—-·-..—.
1309 492 1415 501 ——s

578 554 700 607 exeun
727 553 998 605 ouooncnnun.
1349 537 1420 623 269

511 659 590 665 „-.,
611 659 771 667 n-——o

140 688 420 811 'Ephemeride
447 712 622 785 Latomia
650 712 823 786 dicuntur
841 712 1129 807 protestantium
1149 711 1326 809 dogmata
1357 713 1422 786 vix

164 849 202 907 et
222 856 269 906 ne
300 830 364 903 vix
393 830 544 928 quidem
564 829 866 927 appropinquare
895 828 943 902 ad
962 829 1149 903 doctrinas
1182 830 1421 915 massonicas,

164 949 304 1048 quippe
334 965 372 1022 et
391 947 451 1021 illa
481 945 709 1022 revelatione
736 973 801 1021 seu
834 945 1021 1020 locutione
1039 964 1077 1021 et
1107 947 1328 1022 auctoritate
1349 948 1422 1022 Dei

167 1069 328 1165 positiva
345 1069 521 1155 nituntur,
542 1067 600 1141 hae
620 1092 711 1141 vero
730 1067 844 1141 solius
864 1066 1017 1141 rationis
1037 1083 1128 1140 nutu
1147 1083 1185 1141 et
1217 1067 1330 1141 ductu
1349 1068 1422 1141 suf-

167 1185 268 1261 Iultae
286 1187 323 1261 in
354 1186 491 1261 divinis
520 1211 563 1259 ac
582 1184 755 1259 humanis
784 1184 989 1259 titubanter
1006 1201 1042 1258 et
1062 1209 1130 1281 pro
1158 1182 1276 1259 lubitu
1296 1210 1422 1282 proce-

166 1306 271 1380 dunt.

217 1424 358 1496 Annon
377 1422 567 1519 sapienter
586 1421 699 1520 igitur
720 1421 799 1495 Leo
818 1421 923 1495 XIII
946 1419 1109 1518 loquitur
1131 1421 1315 1496 dicendo:
1336 1432 1356 1461 “
1375 1448 1422 1497 ex

167 1542 382 1616 certissimis
401 1540 592 1615 indiciis...
612 1540 772 1637 erumpit
791 1539 879 1613 illud
898 1539 999 1637 quod
1011 1557 1069 1613 est
1088 1538 1325 1613 consiliorum
1340 1566 1424 1616 suo·

169 1686 249 1734 rum
269 1658 448 1746 ultimum,
470 1659 610 1732 scilicet
642 1677 812 1733 evertere
831 1657 996 1732 lunditus
1015 1683 1165 1731 omnem
1197 1683 1291 1745 eam,
1312 1684 1424 1756 quam

170 1779 338 1853 instituta
360 1776 561 1852 christiana
593 1795 786 1874 peperunt,
808 1776 1041 1873 disciplinam
1074 1774 1264 1874 religionis
1298 1776 1425 1875 reique

168 1895 348 1994 publicae,
381 1921 594 1994 novamque
622 1896 669 1969 ad
700 1893 893 1995 ingenium
912 1919 1019 1968 suum
1050 1913 1234 1982 extruere,
1264 1896 1427 1972 ductise

171 2015 295 2088 medio
330 2013 585 2087 Naturalismo
611 2013 863 2087 fundamentis
890 2030 928 2087 et
947 2011 1094 2110 legibus
1127 2010 1180 2110 (¹).
1203 2012 1220 2040 ”
1241 2013 1313 2088 Ast
1332 2014 1427 2088 sicut

174 2131 360 2206 Dominus
388 2132 504 2228 Jnsus
535 2131 652 2205 dixit:
673 2141 694 2170 “
714 2156 825 2205 nemo
843 2147 969 2228 potest
999 2130 1145 2204 duobus
1165 2131 1326 2205 dominis
1351 2157 1427 2207 ser·

172 2251 272 2324 vire:
292 2268 356 2324 aut
374 2249 472 2324 enim
492 2275 606 2323 unum
639 2249 726 2324 odio
746 2247 908 2335 habebit,
932 2267 970 2324 et
998 2247 1155 2323 alterum
1174 2267 1390 2326 contemnet
1410 2250 1426 2278 ”

172 2367 326 2453 March..
348 2390 396 2454 v1,
421 2391 479 2458 24,
496 2385 533 2440 et
554 2367 638 2440 ideo
656 2385 761 2441 secta
782 2367 1007 2453 Massonica,
1024 2392 1139 2464 quum
1159 2367 1307 2463 penitus
1326 2366 1427 2443 debi-

173 2503 210 2559 ta
228 2485 276 2559 sit
297 2485 457 2582 Principi
478 2485 588 2583 hujus
606 2482 730 2558 saeculi
762 2509 829 2581 per
848 2485 1019 2583 putidum
1040 2484 1332 2571 naturalismum,
1355 2509 1429 2559 non

173 2619 298 2700 potest
317 2626 392 2677 non
411 2601 498 2676 odio
518 2601 656 2676 habere
683 2599 903 2700 religionem
926 2601 1245 2700 supernaturalem
1266 2602 1429 2691 Christi;

173 2741 210 2797 et
229 2747 344 2820 quum
368 2722 645 2819 praedominans
659 2721 785 2794 odium
801 2721 954 2819 insuper
972 2747 1046 2796 non
1062 2723 1178 2819 spiret
1196 2722 1264 2796 nisi
1284 2722 1428 2795 ruinam

173 2860 285 2937 atque
304 2839 605 2925 destructionem,
639 2863 712 2912 non
732 2856 856 2936 potest
889 2863 963 2912 non
983 2839 1142 2936 primum
1161 2865 1204 2913 ac
1236 2840 1431 2935 potissime

174 2958 316 3031 inhiare
335 2958 568 3032 eversionem
592 2955 771 3031 Ecclesiae
790 2957 946 3054 ejusque
968 2957 1158 3031 Pontificis
1177 2958 1352 3054 supremi.

224 3090 256 3150 3.
289 3076 346 3149 Ita
364 3075 523 3172 primum
538 3100 631 3174 ergo
645 3074 878 3149 obstaculum
897 3074 945 3148 ad
955 3074 1270 3149 restaurationem
1289 3076 1430 3152 ordinis

175 3213 213 3269 et
227 3194 321 3292 juris
340 3191 431 3279 laesi,
453 3210 510 3267 est
529 3194 609 3289 ipsa
628 3192 796 3267 malefica
814 3212 851 3267 et
864 3193 1141 3290 praedominans
1160 3208 1262 3267 secta
1284 3191 1431 3269 Masso·

177 3338 275 3399 num,
306 3337 391 3409 quae
419 3336 487 3385 nec
516 3310 617 3407 prius
635 3311 797 3386 existere
826 3329 864 3385 et
882 3312 918 3384 in
937 3329 1060 3385 actum
1091 3335 1333 3407 prorumpere
1352 3312 1431 3387 visa

176 3449 234 3506 est
252 3455 363 3528 quam
395 3448 433 3503 et
462 3428 731 3503 extinctionem
763 3426 1006 3502 Pontificatus
1028 3427 1188 3502 Romani
1218 3445 1429 3506 attentaret.

180 3551 242 3624 De
261 3549 341 3646 ipsa
360 3565 531 3646 respectu
553 3547 743 3636 Ecclesiae,
764 3547 859 3621 sicut
878 3548 926 3621 de
952 3547 1106 3644 antiquo
1125 3564 1300 3642 serpente
1319 3546 1434 3623 relate

177 3668 225 3742 ad
244 3668 440 3765 Virginem
455 3666 585 3740 salutis
605 3667 778 3740 humana:
798 3667 1063 3752 mediatricem,
1080 3665 1219 3739 dictum
1239 3682 1320 3739 est:
1337 3684 1375 3740 et
1394 3686 1434 3740 tu

178 3787 410 3862 insidiaberis
428 3786 603 3861 calcaneo
622 3788 713 3885 ejus.
735 3785 868 3880 Qualis
886 3786 985 3860 enim
1004 3785 1052 3859 ab
1071 3782 1304 3858 incunabulis
1322 3786 1434 3860 exsti·

179 3908 274 3993 terit,
295 3925 525 4005 compertum
542 3907 723 3981 habemus
742 3933 789 3981 ex
805 3905 911 3980 lactis
929 3923 967 3981 et
985 3905 1103 4005 gestis
1117 3920 1281 3978 exeunte
1299 3903 1435 3979 saeculo

180 4026 321 4100 XVIII
343 4024 508 4122 patratis,
529 4023 943 4123 grassanterebellione
963 4022 1128 4099 Gallica!
1151 4021 1212 4094 En
1240 4045 1324 4117 quae
1348 4022 1435 4094 scri-

181 4145 255 4241 psit
272 4168 371 4217 anno
404 4161 496 4235 1797
527 4144 739 4240 Bonaparte
757 4142 805 4215 ad
824 4141 974 4218 fratrem
993 4166 1101 4216 suum
1120 4138 1329 4236 Josephum
1350 4156 1436 4212 tunc

182 4261 360 4358 temporis
379 4261 415 4333 in
447 4261 674 4358 legationem
705 4262 866 4335 Romam
896 4260 1071 4334 missum:
1093 4267 1115 4296 ‘⁴
1133 4255 1234 4355 quod
1253 4255 1285 4329 si
1303 4255 1438 4332 accidit

183 4399 221 4453 ut
243 4380 345 4476 Papa
373 4378 560 4462 moriatur,
594 4378 724 4475 inquit,
747 4379 835 4452 totis
868 4379 1008 4451 viribus
1035 4374 1219 4460 incumbe,
1252 4396 1298 4447 ne
1317 4398 1438 4448 novus

181 4495 340 4595 eligatur
360 4494 533 4569 Pontifex
552 4511 666 4592 atque
685 4494 774 4568 nihil
795 4519 871 4569 non
890 4520 1001 4568 move
1020 4510 1060 4568 ut
1078 4489 1232 4567 rebellio
1250 4490 1399 4563 oriatur.
1420 4489 1439 4518 ”

222 4728 246 4768 1.
265 4714 381 4780 Encycl.
395 4715 566 4766 Humanum
574 4728 674 4782 genus,
687 4727 723 4765 20
735 4715 803 4782 Apr.
820 4713 896 4778 1884.
