3496 5482
250 477 686 487 ———-————.—-.-.-
702 481 1013 487 ...η-ῃ*
1017 481 1021 486 -
1038 480 1502 489 -ῃ--ι--ο--ψ

657 544 872 597 CONCLUSIO
900 544 1096 594 PRACTICA.
1432 545 1503 615 393

301 715 320 744 “
343 705 476 804 ltaque
495 705 587 782 hora
605 723 662 781 est
676 708 755 806 jam
775 733 844 781 nos
862 708 911 782 de
928 731 1062 781 somno
1081 728 1245 805 surgere.
1274 706 1309 780 N
1315 731 1386 780 unc
1405 704 1505 779 enim

248 825 399 923 propior
418 843 475 900 est
495 844 622 900 nostra
640 824 785 899 salus...
808 825 825 851 '⁹

297 956 331 1018 9.
363 942 414 1018 Et
434 968 575 1019 revera.
595 943 848 1040 improbabile
861 942 1013 1042 quidem
1030 942 1178 1017 videtur
1197 941 1348 1039 impiam
1364 960 1504 1016 sectam

250 1063 472 1139 Massonum
493 1087 656 1163 unquam
680 1063 776 1138 adeo
795 1087 879 1137 esse
909 1062 1109 1159 perituram
1130 1061 1165 1134 in
1197 1061 1304 1135 terris
1323 1078 1371 1149 ut
1396 1059 1505 1134 nullae

247 1181 356 1280 plane
369 1183 448 1281 jam
467 1185 688 1281 superstites
706 1183 780 1257 sint
810 1183 891 1281 ejus
923 1180 1114 1279 reliquiae;
1147 1178 1399 1265 nihilominus,
1420 1204 1503 1252 cum

247 1300 495 1376 essentialiter
521 1303 682 1377 societas
713 1300 944 1375 clandestina
975 1300 1032 1386 sit,
1053 1298 1123 1396 ipsi
1154 1298 1311 1395 proinde
1329 1296 1505 1394 applicari

239 1418 367 1515 possit
386 1418 456 1495 hoc
484 1421 522 1495 S.
548 1420 681 1495 lrenaei
700 1422 747 1494 de
776 1419 888 1492 sectis
908 1417 1092 1492 haereticis
1111 1417 1278 1490 dictum:
1301 1414 1506 1489 “Victoria

247 1536 427 1609 adversus
446 1562 521 1620 eos,
543 1538 794 1613 manifestatio
812 1536 1081 1611 sententiarum
1100 1559 1227 1609 eorum
1248 1532 1301 1630 (¹).
1325 1532 1342 1559 ”

299 1653 387 1749 Quo
406 1655 526 1753 magis
545 1655 658 1754 igitur
676 1654 891 1754 divulgatur
910 1654 990 1752 ejus
1019 1678 1132 1749 prava
1162 1650 1306 1725 indoles
1324 1668 1362 1725 et
1382 1649 1504 1748 palam

248 1771 507 1847 manifestatur
524 1799 572 1848 ex
590 1774 667 1848 suis
686 1773 840 1848 secretis
860 1791 898 1847 et
925 1771 1076 1846 nelariis
1095 1768 1268 1857 consiliis,
1290 1794 1336 1843 eo
1356 1768 1505 1865 propin·

247 1890 354 1986 quior
371 1915 522 1988 quoque
541 1892 656 1964 ruinae
688 1917 765 1964 suae
796 1891 934 1966 existet
951 1890 1183 1986 celeriusque
1212 1886 1359 1961 amittet
1377 1911 1504 1983 supre-

248 2033 345 2081 mam
364 2008 657 2083 dominationem
688 2035 803 2083 suam.
831 2010 922 2083 Ideo
952 2024 1189 2106 perspectum
1208 2023 1276 2091 est,
1298 2030 1382 2080 curn
1402 2028 1505 2077 error

248 2146 409 2222 nequeat
427 2127 578 2200 tandem
591 2127 792 2225 aliquando
811 2154 884 2202 non
906 2129 1040 2203 cedere
1060 2127 1207 2201 veritati
1237 2153 1304 2201 nec
1325 2126 1505 2225 injustitia

248 2270 322 2318 non
351 2247 518 2342 superari
546 2271 567 2318 a
594 2248 688 2345 jure,
710 2246 797 2332 lore,
832 2267 871 2322 ut
891 2248 979 2321 item
1011 2264 1114 2321 secta
1133 2245 1225 2319 salsa
1244 2271 1343 2319 verae
1363 2245 1502 2320 Christi

248 2362 429 2438 Ecclesiae
458 2365 567 2438 cedat
597 2391 640 2438 ac
660 2366 835 2463 iniquitas
867 2367 985 2440 serius
1016 2365 1119 2439 ocius
1138 2381 1335 2461 superetur
1357 2365 1503 2462 ajure;

246 2482 415 2580 quinimo
429 2484 613 2581 equidem,
632 2484 735 2559 brevi
748 2511 831 2557 cum
845 2510 892 2559 ex
906 2486 979 2558 ima
991 2505 1097 2582 parte
1112 2483 1292 2557 sactiones
1305 2481 1504 2579 populares

248 2601 360 2675 variae
379 2601 647 2677 socialistarum
660 2628 707 2677 ex
727 2621 828 2677 secta
844 2604 957 2700 impia
971 2602 1178 2701 progenitae
1191 2599 1362 2700 genitrici
1379 2618 1503 2675 tamen

247 2719 398 2792 minime
416 2738 620 2817 parcentes,
643 2746 726 2793 eam
744 2720 985 2819 supplantare
999 2721 1077 2818 jam
1106 2720 1291 2803 studeant,
1311 2735 1348 2791 et
1367 2716 1504 2792 exalia

246 2838 407 2933 partein
435 2838 533 2912 diem
553 2857 695 2911 crescat
723 2840 845 2913 unitas
869 2838 1093 2936 populorum
1112 2836 1387 2923 catholicorum,
1408 2862 1504 2935 quos

245 2954 382 3028 arctius
400 2955 505 3050 quasi
526 2955 561 3028 in
578 2956 711 3053 ingens
728 2981 875 3055 agmen,
897 2956 991 3031 duce
1013 2957 1186 3030 Romano
1204 2954 1393 3041 pontifice,
1415 2980 1502 3029 con·

245 3071 368 3145 cilium
389 3072 613 3146 Vaticanum
632 3091 844 3170 opportune
862 3075 1057 3173 conjunxit
1077 3072 1131 3174 (²).
1377 3162 1386 3170 ,

298 3201 317 3228 “
341 3191 497 3265 Percute
533 3191 725 3264 Pastorem
757 3217 800 3264 ac
831 3193 1096 3290 dispergentur
1112 3216 1214 3277 oves,
1238 3190 1254 3218 ”
1276 3190 1328 3264 sic
1353 3189 1504 3265 inficiati

245 3327 331 3383 sunt
346 3307 474 3382 hostes
494 3327 530 3383 et
549 3307 769 3406 spoliatores
789 3310 828 3384 S.
844 3309 954 3384 Sedis
972 3340 979 3396 ;
998 3329 1165 3385 attamen
1185 3308 1400 3407 priusquam
1413 3332 1505 3381 oves

245 3427 293 3499 ab
325 3426 483 3500 inimicis
513 3427 679 3526 dispergi
708 3448 864 3525 possent
895 3447 932 3502 et
951 3455 973 3502 a
992 3429 1093 3502 Sede
1120 3429 1292 3501 Romana
1321 3425 1506 3501 violenter

244 3544 365 3632 avelli,
388 3570 474 3620 ecce
500 3546 740 3622 Omnisciens
755 3565 869 3644 atque
886 3548 1094 3622 Providens
1109 3545 1216 3620 Deus
1232 3570 1372 3619 novum
1387 3544 1505 3642 quod-

245 3664 341 3746 dam,
374 3663 532 3751 firmum,
561 3689 726 3761 perenne
756 3665 1038 3763 inauditumque
1070 3682 1170 3739 creat
1190 3661 1379 3737 vinculum
1411 3688 1504 3737 oves

245 3782 341 3856 inter
358 3800 396 3856 et
431 3782 623 3856 Pastorem
656 3808 871 3879 supremum
904 3783 956 3882 (³).
981 3783 1082 3857 Ecce
1109 3784 1170 3858 die
1202 3782 1434 3859 memorabili
1459 3786 1502 3856 18

244 3899 331 3997 Julii
356 3904 451 3992 1870
469 3901 504 3973 in
525 3920 605 3975 toto
624 3918 804 3974 terrarum
820 3900 925 3975 Orbe
943 3900 1168 3975 acclamatur
1186 3901 1384 4001 singularis
1400 3901 1503 3973 Prin·

243 4019 388 4113 cipatus
400 4017 671 4115 jurisdictionis
693 4019 804 4092 Petro
823 4019 964 4094 directe
991 4018 1147 4093 collatus
1166 4046 1188 4093 a
1209 4020 1296 4094 Deo
1315 4019 1352 4092 in
1374 4017 1502 4092 Eccle-

241 4137 335 4210 siam
354 4137 566 4209 universam
585 4163 592 4219 ;
612 4135 836 4210 acclamatur
855 4135 1043 4236 legitimus
1064 4136 1170 4234 isque
1188 4135 1290 4210 solus
1309 4160 1504 4210 successor

246 4252 357 4338 Petri,
381 4253 554 4327 Pontifex
578 4252 771 4326 Romanus
790 4279 811 4326 a
830 4255 936 4352 cujus
964 4278 1143 4350 supremo
1156 4252 1300 4352 judicio
1333 4276 1407 4326 non
1422 4252 1502 4350 jam

241 4369 288 4443 ad
299 4368 568 4443 oecumenicum
580 4369 787 4444 Concilium
800 4388 988 4467 tamquam
1001 4370 1048 4444 ad
1058 4370 1317 4445 auctoritatem
1332 4370 1504 4443 Romano

246 4493 464 4594 TMonniot,
478 4544 504 4597 p.
519 4529 560 4582 88.
576 4557 606 4566 —
622 4530 908 4601 Alaog.‚I⁴atrologr'e‚
925 4532 945 4596 1,
960 4540 992 4584 tr.
1007 4531 1097 4598 Belet‚
1111 4547 1137 4600 p.
1154 4543 1212 4596 147.

276 4623 300 4663 2.
321 4609 407 4664 Livre
419 4607 484 4661 d'or
495 4606 535 4660 du
549 4607 703 4676 Ponlrficat
714 4609 747 4662 de
760 4610 833 4662 Llon
846 4610 934 4664 XIII.
950 4639 982 4648 -
998 4610 1032 4664 G.
1048 4608 1160 4678 Kurth.‚
1173 4625 1200 4679 p.
1214 4622 1275 4678 391.

274 4703 298 4757 3.
319 4688 406 4742 Cone.
421 4686 512 4741 Varie.
528 4687 604 4741 Sess.
618 4701 643 4754 4.
663 4688 762 4743 Const.
776 4688 871 4762 dogm.
885 4689 922 4744 de
937 4688 1014 4746 Eccl.
1030 4687 1143 4747 Christi.
1158 4717 1192 4727 -
1205 4687 1265 4748 eol.
1280 4687 1347 4743 Lac.
1363 4683 1502 4758 V11,:482.
