3496 5482
249 472 453 481 ——---—--
462 469 707 478 —..--————
749 471 784 475 —

246 536 319 606 394
653 532 747 582 ΡΑΡΑ
773 531 835 584 sn·
861 532 935 582 Rex
965 532 1095 585 ROMAE.

247 693 429 769 Pontifice
457 694 687 791 superiorem
719 692 908 791 appellare
939 693 996 768 las
1026 714 1110 784 est:
1136 696 1361 774 acclamatur
1391 699 1508 798 hujus

247 811 408 886 Romani
430 810 621 885 Pontificis
640 810 829 886 infallibile
849 811 1114 911 magisterium,
1136 815 1187 890 ita
1206 835 1245 892 ut
1264 817 1355 915 ipse,
1378 829 1399 859 ‘¹
1418 844 1508 893 cum

244 955 292 1004 ex
319 929 497 1004 cathedra
527 929 700 1027 loquitur,
735 930 771 1004 id
803 949 870 1016 est,
902 956 986 1005 cum
1019 933 1185 1007 omnium
1217 934 1508 1013 christianorum

247 1048 413 1121 Pastoris
431 1065 469 1121 et
487 1048 664 1123 Doctoris
679 1073 833 1123 munere
852 1047 1022 1146 fungens,
1037 1075 1105 1146 pro
1123 1077 1299 1149 suprema
1316 1079 1385 1128 sua
1399 1056 1507 1153 Apo·

244 1165 375 1242 stolica
388 1166 610 1242 auctoritate
628 1167 836 1241 doctrinam
851 1164 988 1241 deiide
1008 1166 1066 1241 vel
1082 1170 1247 1245 moribus
1265 1172 1314 1247 ab
1327 1172 1507 1247 universa

246 1283 417 1360 Ecclesia
436 1285 637 1360 tenendam
656 1284 796 1371 definit,
817 1310 884 1382 per
902 1285 1155 1361 assistentiam
1173 1289 1350 1378 divinam,
1375 1290 1446 1388 ipsi
1466 1290 1505 1364 in

247 1404 366 1477 Beato
387 1404 499 1479 Petro
518 1404 752 1501 promissam,
774 1428 818 1478 ea
850 1401 1111 1478 infallibilitate
1130 1405 1280 1502 polleat,
1300 1433 1375 1505 qua
1396 1407 1506 1483 Divi·

244 1546 314 1594 nus
336 1520 570 1619 Redemptor
597 1521 805 1596 Ecclesiam
824 1547 930 1597 suam
961 1523 997 1596 in
1028 1522 1243 1598 definienda
1266 1525 1437 1599 doctrina
1454 1525 1506 1601 de

244 1640 318 1716 fide
336 1641 397 1716 vel
412 1642 577 1717 moribus
593 1642 809 1714 instructam
824 1664 909 1714 esse
927 1639 1056 1716 voluit.
1074 1643 1093 1669 '’
1113 1641 1242 1740 Igitur,
1258 1642 1344 1738 jure
1361 1642 1505 1719 dictum

244 1777 301 1834 est
319 1785 342 1832 a
361 1760 564 1834 fortissimo
583 1784 631 1834 ex
650 1756 922 1856 praeliatoribus
955 1758 1121 1845 Domini,
1140 1785 1163 1832 a
1184 1758 1251 1834 Pio
1274 1760 1333 1834 IX
1351 1786 1502 1860 magno,

243 1903 350 1954 sacro
368 1879 600 1976 approbante
620 1875 812 1953 Concilio:
829 1874 1056 1971 “Quoniam
1076 1895 1193 1975 portae
1212 1877 1318 1952 inleri
1337 1879 1384 1953 ad
1396 1903 1505 1954 ever-

245 1996 407 2081 tendam,
428 1997 458 2072 si
477 1996 555 2072 fieri
575 2013 713 2094 posset,
732 1993 952 2081 Ecclesiam,
970 2012 1099 2068 contra
1118 1997 1199 2094 ejus
1219 1995 1503 2072 fundamentum

243 2113 422 2187 divinitus
458 2114 621 2210 positum
653 2112 795 2212 majori,
830 2112 946 2188 indie
976 2113 1064 2187 odio
1087 2114 1251 2211 undique
1282 2113 1501 2211 insurgunt:

247 2231 331 2306 Nos
349 2231 397 2305 ad
415 2232 587 2307 catholici
606 2233 734 2331 gregis
752 2232 971 2318 custodiam,
997 2231 1301 2319 incolumitatem,
1321 2257 1504 2332 augmen-

243 2367 332 2436 tum,
351 2351 601 2425 necessarium
616 2377 701 2426 esse
710 2351 932 2450 judicamus,
948 2375 1054 2425 sacro
1068 2350 1301 2447 approbante
1320 2349 1500 2438 Concilio,

243 2466 452 2541 doctrinam
472 2468 519 2541 de
539 2468 782 2556 institutione,
805 2468 1053 2565 perpetuitate
1072 2494 1116 2542 ac
1136 2487 1268 2544 natura
1285 2469 1379 2543 sacti
1397 2470 1506 2567 Apo·

241 2582 362 2659 stolici
378 2585 617 2672 Primatus,in
632 2611 708 2684 quo
719 2597 816 2662 lotus
826 2586 999 2659 Ecclesia
1012 2586 1069 2661 vis
1082 2613 1125 2661 ac
1137 2587 1305 2662 soliditas
1318 2587 1501 2674 consistit,

241 2703 386 2776 cunctis
407 2701 577 2778 fidelibus
597 2705 821 2779 credendam
835 2723 872 2779 et
885 2706 1133 2779 tenendam...
1155 2729 1374 2803 proponere,
1386 2722 1503 2801 atque

241 2821 458 2908 contrarios,
478 2822 666 2898 dominico
683 2825 791 2924 gregi
809 2826 905 2899 adeo
924 2824 1165 2922 perniciosos,
1179 2823 1503 2920 errores'proscri·

241 2937 333 3013 bere
352 2956 389 3012 et
408 2938 672 3016 condemnare.
692 2941 709 2968 ”

292 3068 313 3096 ‘¹
334 3056 462 3153 Quare
482 3058 594 3156 igitur
612 3058 842 3134 fremuerunt
860 3078 995 3157 gentes
1014 3078 1051 3133 et
1078 3055 1205 3154 populi
1228 3056 1395 3131 meditati
1415 3077 1504 3133 sunt

240 3174 396 3248 inania?
416 3175 657 3249 Adstiterunt
689 3203 797 3276 reges
831 3196 946 3259 terrae,
969 3195 1007 3250 et
1036 3174 1223 3271 principes
1243 3191 1504 3249 convenerunt

242 3292 278 3365 in
308 3318 422 3365 unum
455 3294 636 3367 adversus
672 3296 889 3378 Dominum,
910 3314 948 3367 et
977 3294 1158 3367 adversus
1187 3291 1379 3365 Christum
1399 3292 1505 3390 ejus:

240 3410 497 3508 dirumpamus
518 3412 666 3486 vincula
697 3439 826 3487 eorum
852 3431 889 3486 et
922 3410 1201 3509 projiciamnsa
1231 3408 1340 3482 nobis
1368 3409 1504 3507 jugum

242 3529 416 3626 ipsorum.
438 3575 487 3586 —
511 3529 587 3626 Qui
620 3531 764 3606 habitat
783 3532 819 3604 in
839 3530 943 3605 coelis
976 3527 1144 3602 irridebit
1164 3551 1230 3600 eos
1248 3543 1286 3599 et
1317 3524 1506 3600 Dominus

241 3649 487 3724 subsannabit
506 3676 572 3724 eos
593 3650 648 3750 (¹).
672 3652 689 3679 ’'

295 3768 458 3855 Etenim,
481 3770 725 3855 institutione,
747 3771 996 3867 perpetuitate
1016 3793 1059 3841 ac
1080 3783 1212 3839 natura
1230 3762 1323 3835 sacri
1340 3762 1506 3860 Aposto-

242 3883 299 3959 lici
323 3885 508 3960 Primatus
533 3887 569 3959 in
593 3913 809 3962 successore
848 3889 957 3972 Petri,
980 3887 1016 3960 in
1039 3881 1221 3959 Pontifice
1256 3882 1439 3967 Romano,
1465 3881 1507 3955 in

241 4028 311 4099 quo
328 4005 441 4076 tolim
454 4004 630 4078 Ecclesiae
646 4006 703 4078 vis
719 4032 761 4080 ac
784 4006 954 4080 soliditas
972 4003 1147 4086 consistit,
1179 3999 1345 4095 nondum
1365 3996 1507 4095 procla-

244 4139 352 4206 mata,
374 4138 547 4218 poterant
568 4122 696 4198 hostes
717 4125 765 4197 ita
785 4151 852 4221 spe
867 4123 1032 4221 gaudere
1053 4118 1236 4219 inserendi
1254 4117 1414 4189 suturam
1435 4117 1507 4189 rui·

244 4265 329 4313 nam
345 4259 406 4315 aut
422 4266 637 4337 supremum
653 4243 851 4315 discrimen
870 4240 1071 4313 Ecclesiae:
1091 4248 1110 4276 ‘⁴
1133 4237 1291 4309 Percute
1313 4234 1506 4308 Pastorem

243 4374 281 4429 et
312 4357 541 4455 dissipentur
571 4384 663 4434 oves
684 4361 726 4447 '';
759 4378 932 4456 poterant
956 4356 1088 4456 jactari
1108 4354 1254 4436 eodem,
1286 4376 1362 4447 quo
1393 4352 1506 4425 modo

244 4475 380 4550 saeculo
417 4478 558 4552 XVIII
599 4504 664 4552 rex
699 4479 850 4576 quidem
888 4473 1132 4575 philosophus
1177 4470 1224 4544 ad
1264 4468 1504 4567 coryphaeum

295 4699 316 4740 1.
332 4685 387 4754 Pr,
402 4698 425 4741 11
438 4705 445 4751 ;
464 4687 593 4755 Acr.,1v,
608 4699 651 4758 25.
