3496 5482
243 556 316 624 294
651 552 743 603 ΡΑΡΑ
769 552 829 601 811
857 551 931 600 REX
962 549 1088 601 ROMAE.

243 712 461 786 festationes
479 737 625 787 summe
644 711 901 811 demagogicae
919 735 1004 807 quae
1032 711 1068 783 in
1087 696 1312 808 quibusdam
1333 714 1500 809 partibus

247 829 364 905 ltaliae
383 829 587 904 identidem
608 829 698 903 visae
712 845 799 902 sunt
818 829 854 900 in
874 827 1055 901 bonorem
1068 844 1105 901 et
1117 826 1383 904 exaltationem
1403 829 1500 906 illius

241 947 446 1023 condotieri
467 946 671 1029 Garibaldi‚
695 945 925 1043 Reipublicae
953 944 1227 1019 amantissimi?
1256 945 1344 1040 Quo
1363 948 1501 1044 pertin·

240 1083 336 1166 gunt
354 1091 452 1139 curae
470 1066 657 1141 continuae
675 1066 810 1164 quibus
830 1065 1028 1162 prohibere
1058 1082 1239 1139 conantur
1267 1092 1315 1140 ne
1345 1068 1499 1165 Europa

243 1183 352 1256 ullam
373 1202 523 1259 moveat
542 1184 792 1282 suspicionem
812 1184 909 1258 circa
927 1182 1096 1279 spiritum
1117 1183 1404 1282 demagogicum
1424 1213 1501 1285 quo

242 1300 425 1376 febricitat
446 1301 676 1379 Peninsula?
697 1304 757 1377 En
776 1329 860 1401 quae
873 1301 1020 1398 scripsit
1032 1318 1194 1376 exeunte
1212 1327 1312 1377 anno
1331 1307 1420 1397 1891
1445 1306 1503 1381 vir

241 1418 392 1516 quidam
413 1420 615 1517 majoribus
635 1422 801 1519 partibus
821 1421 856 1493 in
877 1419 1073 1493 Gubernio
1095 1420 1328 1516 praepositus.
1355 1421 1502 1499 Alludit
1577 1458 1585 1467 ·

242 1539 500 1637 ignominiosis
520 1539 624 1614 factis
644 1558 681 1614 et
701 1539 842 1630 injuriis
856 1563 940 1636 quae
955 1536 1166 1611 acciderant
1192 1539 1371 1635 operariis
1396 1566 1500 1638 pere-

241 1656 358 1756 grinis
381 1682 427 1731 ex
459 1656 591 1733 Gallia.
614 1668 635 1698 ‘⁴
654 1657 822 1732 Maxime
841 1655 1006 1752 oportuit
1032 1656 1111 1729 haec
1131 1654 1219 1740 lieri,
1241 1656 1316 1744 ait;
1337 1681 1500 1732 summo·

242 1797 330 1870 pere
349 1773 448 1847 enim
469 1799 624 1848 necesse
642 1772 710 1848 fuit
738 1791 775 1849 et
794 1791 964 1848 evertere
985 1771 1249 1867 impressiones
1268 1772 1387 1850 bonas
1414 1800 1500 1872 quae

244 1890 408 1988 Europae
419 1917 466 1965 ex
478 1891 777 1966 manifestatione
793 1891 941 1988 pietatis
954 1889 1111 1964 filiorum
1125 1890 1161 1962 in
1172 1891 1321 1965 Patrem
1336 1892 1499 1969 obvene-

242 2025 333 2094 rant,
354 2006 520 2082 simulet
547 2008 701 2083 obviare
727 2007 983 2105 eruptionibus
1002 2026 1040 2083 et
1068 2009 1430 2084 manifestationibus
1450 2012 1467 2084 f
1489 2051 1500 2065 ·

242 2125 377 2200 ctionis
392 2124 561 2199 radicalis
577 2128 612 2199 N
618 2126 717 2200 icaeae
737 2125 883 2200 habitis.
901 2125 1024 2200 Nobis
1037 2125 1253 2221 permittere
1272 2152 1346 2201 non
1362 2126 1447 2203 licet
1460 2149 1501 2204 ut

247 2242 349 2318 Urbs
369 2244 540 2317 videatur
557 2243 747 2319 adhaerere
778 2243 948 2319 Pontifici
967 2262 1005 2318 et
1028 2242 1134 2316 ltalia
1153 2263 1330 2341 appareat
1350 2247 1502 2324 studere

247 2359 486 2458 Reipublicae.
513 2360 603 2435 Ideo
619 2379 786 2435 nostrum
806 2379 885 2435 erat
904 2379 942 2434 et
956 2359 1123 2457 praebere
1142 2359 1258 2435 oculis
1277 2363 1444 2438 omnium
1463 2381 1502 2440 et

247 2478 406 2551 Romam
432 2477 598 2552 Italicam
623 2497 737 2577 atque
768 2478 912 2553 ltaliam
933 2504 1016 2554 esse
1038 2479 1328 2556 Monarcbicam.
1345 2482 1363 2511 ’'
1388 2482 1502 2558 Hunc

245 2595 282 2669 in
301 2595 452 2669 sensum
472 2595 635 2692 loquitur
652 2598 710 2670 vir
729 2596 787 2671 ille
807 2594 861 2695 (¹)

294 2729 329 2791 5.
349 2715 391 2789 ln
413 2715 593 2815 regimine
615 2713 860 2788 Monarchico
879 2713 994 2788 ltaliae
1013 2712 1103 2787 latet
1122 2717 1255 2816 anguis
1274 2718 1344 2793 sub
1363 2717 1503 2793 herba!

249 2831 342 2905 Ideo
361 2830 474 2930 igitur
496 2832 705 2915 Massones,
729 2831 789 2904 ubi
810 2831 969 2927 primum
990 2830 1048 2905 vel
1078 2833 1327 2929 suspicionem
1349 2855 1504 2913 movent

245 2948 377 3023 futurae
410 2950 654 3024 restitutionis
687 2949 920 3046 Principatus
948 2948 987 3021 S.
1009 2948 1130 3034 Sedis,
1155 2952 1267 3025 toties
1293 2952 1437 3028 cladem
1465 2972 1503 3029 et

243 3085 407 3165 stragem
439 3069 629 3165 ingentem
661 3068 833 3165 augurari
862 3067 1083 3140 audiuntur:
1120 3071 1256 3143 etenim
1296 3092 1501 3149 monstrum

246 3186 494 3260 massonicum
515 3204 615 3260 certe
635 3185 783 3259 ultimos
805 3185 1057 3258 adhibiturum
1086 3203 1143 3258 est
1161 3207 1316 3264 conatus
1341 3210 1378 3264 ut
1399 3192 1503 3265 victi·

137 3355 140 3357 Α
247 3332 344 3378 mam
365 3332 468 3379 suam
490 3308 648 3382 retineat
666 3324 704 3380 et
731 3307 778 3380 ad
803 3305 1067 3402 rempublicam
1097 3306 1347 3382 universalem
1367 3310 1504 3383 consti-

246 3424 423 3499 tuendam
444 3425 552 3499 simul
580 3425 785 3523 perveniat.
807 3424 929 3508 Secta,
952 3450 1035 3521 quae
1054 3424 1085 3497 si
1109 3424 1290 3498 hactenus
1318 3451 1428 3521 passa
1446 3445 1504 3502 est

247 3541 402 3615 formam
437 3542 729 3628 Monarchicam,
765 3542 815 3616 uti
848 3541 976 3616 debuit
1007 3568 1053 3615 eo
1086 3543 1190 3640 regio
1223 3529 1429 3619 ministerio
1456 3544 1504 3617 ad

246 3675 403 3756 tempus
415 3660 569 3757 perinde
587 3687 630 3735 ac
648 3661 767 3758 Judaei
794 3659 1043 3758 gubernatore
1061 3661 1234 3733 Romano
1247 3680 1377 3734 contra
1396 3661 1504 3736 Chri·

246 3795 344 3850 stum
358 3776 578 3853 clamantes:
596 3777 684 3853 tolle
701 3779 708 3853 l
724 3778 831 3853 tolle!
850 3777 1024 3874 crucifige
1042 3802 1127 3851 eum
1146 3778 1200 3852 !...
1217 3778 1257 3851 Si
1272 3778 1369 3853 hunc
1381 3779 1504 3854 dimit·

249 3895 295 3968 tis
308 3919 381 3967 non
396 3921 437 3968 es
456 3896 596 3969 amicus
616 3895 791 3971 Caesaris!
814 3896 870 3968 lta
888 3894 1078 3968 clamitant
1092 3895 1126 3966 in
1149 3895 1338 3969 Vicarium
1352 3896 1503 3972 Christi.

299 4011 372 4085 Ast
394 4011 533 4086 Pilatus
553 4014 702 4087 tradidit
714 4013 839 4110 Jnsun
858 4011 1230 4086 voluntatieorum..
1246 4010 1290 4112 (²)
1309 4032 1397 4088 tunc
1411 4040 1503 4114 ergo

247 4129 494 4225 apprehendit
512 4111 642 4227 Jnsun'
658 4152 694 4205 et
715 4129 964 4229 flagellavit...
991 4128 1085 4202 ltem
1105 4129 1328 4227 gubernium
1352 4130 1505 4205 Monar-

247 4245 391 4319 chicum
425 4247 604 4323 inservire
636 4249 783 4323 videtur
813 4266 935 4333 sectae,
958 4262 998 4321 ut
1022 4247 1198 4320 vicarium
1219 4248 1360 4323 Christi
1384 4250 1506 4324 tradat

246 4364 430 4440 voluntati
449 4393 587 4454 eorum,
610 4386 650 4441 ut
668 4365 900 4441 contumeliis
929 4365 1049 4461 ipsum
1078 4361 1259 4439 afficiat...
1292 4390 1400 4441 secus
1430 4391 1503 4441 non

288 4624 309 4663 1.
325 4611 401 4664 Llon
418 4612 506 4683 ΧΙΙΙ,
520 4613 737 4678 deT'Serclaes,
753 4612 791 4681 ΙΙ,
805 4611 848 4666 ch.
862 4625 903 4680 30,
914 4628 939 4680 p.
955 4609 1015 4665 206.

279 4703 303 4744 2.
313 4688 391 4760 Luc,
404 4702 498 4761 xx111,
512 4706 545 4762 25
558 4693 670 4764 ;Joan.,
684 4703 750 4760 x1x,
767 4705 836 4746 1·12.
