3496 5482
256 442 495 451 ψ..-
506 443 665 450 ¹--—-——-
674 443 757 450 --.-,-
767 443 773 449 -

249 491 321 581 388
657 508 750 557 ram
777 507 837 556 srr
865 506 938 556 aex
967 507 1096 559 ROMAE.

418 616 429 620 ψ
437 614 522 620 ...α--
540 613 588 618 —..
608 611 752 618 0—-
844 612 1066 618 ——„—--

301 671 389 745 Non
406 669 546 744 nationi
566 693 633 743 nec
646 666 787 766 populo
805 666 867 741 ulli
881 666 976 741 lacta
994 686 1081 742 sunt
1093 669 1277 765 promissa
1287 673 1360 746 Dei
1373 673 1513 773 :“Ego

246 813 310 862 ero
347 787 539 862 vobiscum
588 811 706 885 usque
741 785 788 859 ad
829 786 1191 862 consummationem
1223 789 1357 864 saeculi.
1379 789 1398 817 ''
1425 790 1511 865 Soli

249 906 428 982 Ecclesiae
455 904 640 1003 equidem,
670 903 852 978 Ecclesiae
880 902 1085 979 Catholicae
1107 906 1300 993 Romanae,
1323 906 1511 983 Ecclesiae

249 1011 462 1111 Petrilacta
481 1041 567 1098 sunt
586 1021 800 1120 hujusmodi
819 1021 948 1095 divina
966 1022 1142 1096 vaticinia
1160 1023 1300 1099 Christi
1318 1052 1325 1099 :
1341 1037 1360 1064 “
1382 1027 1512 1124 Super

246 1144 340 1216 hanc
360 1162 502 1240 petram
521 1139 714 1215 aedificabo
736 1139 945 1214 Ecclesiam
965 1165 1087 1215 meam
1107 1161 1144 1216 et
1164 1163 1282 1241 portae
1302 1143 1407 1220 inseri
1428 1171 1509 1220 non

246 1259 501 1358 praevalebunt
519 1259 701 1333 adversus
718 1283 804 1333 eam
820 1256 864 1357 (¹)
882 1257 889 1331 !
907 1256 926 1284 ”

296 1399 329 1461 a
352 1385 485 1482 ltaque
505 1401 544 1458 ut
564 1383 653 1457 boni
684 1381 822 1458 milites
847 1383 987 1458 Christi
1019 1409 1086 1480 pro
1104 1385 1178 1459 aris
1197 1405 1236 1459 et
1254 1385 1345 1461 focis
1364 1389 1508 1465 bonum

244 1523 434 1580 certamen
460 1519 655 1588 certemus,
673 1526 742 1576 nec
770 1501 936 1576 animum
955 1501 1180 1590 amittamus
1207 1504 1275 1579 sed
1293 1531 1361 1603 spe
1379 1510 1508 1605 potius

245 1641 356 1698 certae
375 1619 539 1695 victoriae
557 1618 843 1693 inflammemur.

296 1740 416 1814 Sonet
434 1739 471 1812 in
496 1738 646 1811 auribus
666 1737 800 1811 nostris
819 1755 859 1810 ut
876 1734 1073 1811 classicum
1094 1735 1180 1812 belli
1200 1763 1274 1814 vox
1304 1737 1364 1814 illa
1388 1740 1508 1838 ipsius

244 1856 387 1932 Christi
406 1855 566 1930 Vicarii:

296 1974 487 2065 Considio,
507 1999 571 2072 ego
589 1971 665 2047 vici
680 1972 860 2047 mundum
873 1978 891 2046 ,Ι

296 2093 516 2168 Excitemur
545 2080 776 2166 nobilissima
795 2089 857 2165 illa
876 2091 914 2165 S.
937 2090 1198 2187 Chrysostomi
1217 2091 1507 2171 exhortatione:
1581 2155 1587 2162 .

246 2225 266 2251 ‘⁴
289 2212 400 2287 Multi
420 2211 553 2287 fluctus
574 2211 724 2298 instant,
750 2235 963 2309 gravesque
989 2209 1171 2308 procellae,
1193 2214 1260 2286 sed
1294 2238 1369 2289 non
1398 2213 1508 2290 time·

243 2356 326 2405 mus
345 2356 393 2414 ne
412 2330 709 2429 submergamur,
729 2355 814 2403 nam
834 2328 871 2403 in
894 2331 1003 2405 Petra
1021 2329 1270 2431 consistimus.

297 2462 316 2490 ‘¹
337 2450 480 2524 Saeviat
501 2475 612 2536 mare,
635 2468 779 2547 petram
798 2449 1004 2526 dissolvere
1023 2451 1162 2548 nequit.

299 2580 319 2607 “
343 2568 545 2667 lnsnrgant
563 2566 705 2648 fluctus.
735 2568 814 2666 jam
847 2568 1038 2669 navigium
1068 2570 1287 2669 demergere
1316 2595 1391 2646 non
1419 2598 1507 2669 pos·

239 2674 338 2763 ¹sunt.
388 2756 390 2759 ,

295 2814 317 2844 “
338 2803 442 2878 Nihil
464 2802 635 2878 Ecclesia
654 2803 860 2900 potentius;
882 2803 1053 2879 Ecclesia
1071 2823 1127 2879 est
1147 2804 1229 2903 ipso
1243 2804 1339 2882 coelo
1360 2806 1503 2886 sortior.

294 2935 314 2963 ‘⁸
335 2922 477 2997 Coelum
494 2932 530 2996 et
546 2932 651 2996 terra
668 2923 901 3007 transibunt;
918 2923 1026 2997 verba
1045 2933 1167 2997 autem
1191 2950 1271 2998 mea
1283 2951 1356 2999 non
1380 2935 1507 3000 trans·

241 3042 355 3117 ibunl.

296 3171 316 3199 “
337 3159 433 3254 Quae
461 3156 599 3233 verba?
625 3202 676 3214 -
692 3167 711 3195 “
732 3158 790 3231 Tu
808 3183 844 3231 es
869 3158 1016 3245 Petrus,
1049 3167 1083 3230 et
1109 3170 1222 3257 super
1245 3160 1504 3259 dompetram

240 3277 422 3377 (edificabo
439 3278 643 3351 Eccksiam
661 3304 797 3362 nteam;
813 3287 975 3376 elportce
1002 3277 1124 3376 inseri
1151 3305 1223 3353 non
1248 3281 1507 3376 provolabant

240 3398 415 3471 adversus
431 3395 544 3470 eam.''

294 3515 376 3589 “Si
401 3538 476 3589 non
511 3513 632 3588 credis
669 3513 795 3600 verbo,
828 3513 939 3587 rebus
974 3513 1108 3588 crede!
1135 3558 1185 3571 -
1213 3513 1317 3610 Quot
1354 3516 1504 3611 tyranni

243 3632 451 3708 Ecclesiam
482 3632 693 3730 opprimere
725 3632 988 3707 tentaverunt!
1016 3631 1121 3728 Quot
1156 3635 1376 3734 sartagines,
1409 3653 1504 3733 quot

241 3752 421 3841 fornaces,
443 3751 602 3826 serarum
629 3751 773 3840 dentes,
792 3751 907 3851 gladii
926 3751 1040 3826 acuti!
1058 3796 1108 3809 -
1129 3751 1311 3851 Nihilque
1338 3754 1504 3852 perfece-

241 3872 346 3945 runt!

294 4000 313 4027 “
335 3988 501 4064 Ubinam
520 4006 606 4063 sunt
625 3986 753 4062 hostes
771 3987 845 4062 illi?
862 4032 912 4045 -
931 3987 1091 4064 Silentio
1110 4006 1149 4065 et
1166 3988 1346 4065 oblivioni
1377 3991 1502 4068 traditi

240 4108 348 4181 suntl

293 4236 313 4264 “
337 4224 500 4300 Ubinam
523 4223 715 4298 Ecclesia?
736 4223 823 4298 Plus
842 4250 954 4322 quam
974 4225 1029 4298 sol
1048 4225 1287 4324 splendescit.

294 4354 313 4381 ‘¹
333 4342 430 4438 Quae
449 4343 593 4415 illorum
626 4361 741 4429 erant,
762 4344 929 4418 extincta
956 4362 1059 4430 sunt;
1087 4369 1171 4441 quae
1197 4343 1245 4417 ad
1279 4343 1384 4419 Illam
1416 4371 1501 4443 spe·

239 4482 351 4549 etant,
368 4480 460 4535 sunt
479 4462 712 4536 immortalia.

277 4678 298 4717 r.
310 4660 425 4730 Mutela,
439 4673 551 4731 xxvru,
568 4676 614 4730 ¹9;
628 4674 691 4732 xvr,
706 4665 747 4718 ιδ.
