3496 5482
241 756 260 786 “
280 744 511 820 Tabularia
503 769 584 842 ipsa
601 746 847 879 paroeciarum
870 689 987 820 Urbis
1014 772 1081 844 per
1106 747 1183 821 vim
1211 748 1449 884 excutiuntur

187 877 225 934 et
187 798 479 958 indagantur.
1439 930 1441 935 ,

241 977 560 1053 “Insectationes
592 996 629 1055 et
649 978 794 1109 injuriae
825 977 873 1051 ab
906 977 1059 1052 ultionis
1079 978 1283 1075 cupiditate
1307 936 1345 1054 et
1370 998 1451 1078 par·

189 1091 280 1165 tium
300 1092 425 1166 studio
440 1093 658 1190 profectae,
649 1092 841 1189 impunitae
861 1090 1119 1190 relinquuntur
1137 1089 1226 1193 (Ψ)

241 1206 388 1301 Quibus
398 1206 505 1283 malis
517 1210 656 1283 addere
668 1208 754 1283 licet
767 1207 1072 1282 confiscationem
1086 1209 1267 1282 bonorum
1285 1209 1452 1310 Congre-

188 1319 351 1419 gationis
365 1322 413 1395 de
431 1322 679 1422 Propaganda
693 1321 767 1396 fide
778 1321 1094 1406 :confiscationem
1108 1340 1163 1397 tot
1175 1322 1357 1397 bonorum
1369 1348 1453 1421 quae

189 1433 236 1507 ad
249 1434 330 1531 pias
342 1452 380 1509 et
392 1435 582 1511 beneficas
596 1435 834 1534 pertinebant
849 1434 1085 1522 sodalitates,
1098 1435 1400 1511 confiscationem
1416 1456 1453 1511 et

188 1547 460 1644 dispersionem
512 1549 778 1624 immensarum
826 1548 1146 1636 bibliothecarum,
1193 1549 1452 1647 expulsionem

191 1660 391 1736 multorum
420 1663 678 1763 religiosorum
694 1664 904 1738 adominiis
924 1665 1335 1761 suis;suppressionem
1363 1664 1454 1739 mul·

192 1792 310 1849 tarum
323 1779 618 1852 ceremoniarum
638 1778 911 1877 pontificalium
931 1806 938 1866 ;
952 1778 1263 1854 introductionem
1277 1778 1454 1853 nefariam

191 1890 352 1977 divortii,
386 1908 457 1967 etc.

245 2013 297 2081 12.
327 2011 406 2086 Sed
435 2030 473 2086 et
502 2010 657 2087 historia
696 2012 917 2087 saeculorum
951 2012 1147 2086 confirmat
1192 2013 1453 2087 necessitatem

193 2130 312 2228 plenae
343 2126 646 2221 independentiae
688 2154 756 2224 pro
798 2127 970 2200 Romano
1012 2126 1201 2212 Pontifice,
1235 2144 1273 2201 et
1304 2129 1453 2225 quidem

193 2258 415 2343 argumento
434 2240 535 2337 quod
549 2266 572 2312 a
590 2241 779 2315 contrario
794 2259 957 2313 vocatur.

247 2359 399 2433 Etenim
433 2376 593 2454 quatuor
623 2358 832 2454 praesertim
867 2357 1014 2430 suerunt
1035 2355 1070 2428 in
1091 2357 1248 2431 decursu
1278 2359 1457 2455 temporis

194 2472 358 2571 epochae,
380 2472 416 2544 in
436 2471 572 2567 quibus
591 2473 692 2568 Papa
713 2496 786 2545 non
807 2488 898 2556 erat,
921 2469 980 2561 vel
1001 2469 1133 2544 saltem
1154 2471 1352 2544 videbatur
1382 2497 1455 2545 non

194 2589 421 2665 sufficienter
439 2614 522 2662 esse
543 2587 810 2685 independens,
827 2589 889 2685 qui
918 2587 1099 2662 libertatis
1118 2588 1285 2662 defectus
1305 2612 1455 2685 semper

195 2703 405 2777 habuerunt
423 2701 594 2799 sequelas
614 2701 775 2775 maxime
794 2700 1059 2775 lamentabiles.

248 2820 352 2895 Prior
370 2819 513 2916 epocha
532 2820 690 2892 occurrit
717 2819 787 2892 sub
816 2819 1104 2916 imperatoribus
1128 2784 1309 2892 Romanis
1329 2840 1366 2894 et
1386 2846 1452 2917 per

196 2936 271 3010 lere
291 2935 360 3007 tria
378 2933 513 3007 saecula
533 2933 601 3006 fuit
621 2950 830 3030 protracta;
850 2933 916 3006 sed
936 2958 982 3006 eo
1003 2951 1171 3028 tempore
1190 2957 1322 3006 omnes
1342 2933 1451 3030 plane

198 3047 398 3122 Pontifices
413 3065 547 3144 praeter
561 3046 681 3119 solum
700 3047 838 3142 Papam
856 3046 1059 3132 Liberium,
1075 3048 1252 3144 martyrio
1266 3047 1449 3122 obierunt.

246 3166 421 3241 Secunda
435 3165 500 3238 luit
515 3166 584 3238 sub
601 3165 766 3239 Orientis
788 3164 1084 3259 imperatoribus,
1101 3166 1163 3261 qui
1185 3165 1450 3262 pseudo-theo·

194 3278 363 3377 logorum
394 3304 497 3352 more
526 3279 712 3352 doctrinas
742 3303 917 3351 erroneas
946 3304 1032 3350 suas
1051 3279 1272 3377 satagebant
1296 3278 1451 3353 Ductori

195 3419 371 3490 supremo
383 3393 584 3466 obtrudere
598 3419 606 3476 ;
619 3411 784 3465 attamen
799 3393 940 3464 romani
957 3391 1155 3465 Pontifices
1168 3418 1251 3465 cum
1265 3394 1452 3466 erroribus

195 3509 416 3594 obstiterint,
438 3508 615 3580 continuo
643 3507 742 3602 passi
761 3524 847 3577 sunt
879 3525 916 3579 et
947 3530 1144 3589 carcerem,
1166 3527 1202 3579 et
1223 3507 1386 3592 exilium,
1415 3524 1453 3580 et

196 3622 419 3721 ignominias
438 3621 671 3718 omnigenas.

246 3741 377 3814 Tertia
397 3757 534 3836 praesto
549 3758 628 3812 erat
643 3739 705 3810 ubi
725 3763 923 3834 supremus
941 3737 1183 3812 Pontificatus
1196 3738 1329 3811 cecidit
1348 3739 1453 3834 quasi

196 3854 321 3951 praeda
340 3855 377 3926 in
396 3878 529 3925 manus
549 3878 743 3949 procerum
768 3853 1021 3924 Romanorum
1038 3871 1075 3924 et
1092 3852 1291 3924 lactionum
1314 3850 1454 3948 plebis;

195 3968 274 4042 haec
293 3966 476 4041 luctabilis
492 3966 666 4064 periodus
692 3965 976 4062 anti-paparum,
994 3985 1032 4038 et
1046 3965 1326 4063 degradationis
1343 3984 1455 4062 atque

195 4082 423 4157 conlusionis
439 4082 445 4155 !

246 4199 392 4295 Quarta
410 4199 568 4297 contigit
588 4215 757 4294 tempore
775 4197 1043 4271 dominationis
1072 4197 1340 4293 imperatorum
1362 4197 1455 4272 Ger·

197 4315 330 4388 maniae
350 4310 408 4387 vel
427 4314 574 4412 Regum
591 4311 724 4386 Galliae
741 4339 748 4398 ;
764 4330 802 4385 et
817 4331 903 4384 tunc
918 4312 1023 4408 quasi
1038 4313 1187 4408 captiva
1204 4311 1373 4385 Ecclesia
1389 4337 1456 4386 nec

197 4446 332 4526 potens
351 4428 386 4501 in
406 4451 530 4524 opere,
553 4452 621 4501 nec
639 4425 840 4523 conspicua
871 4425 1023 4511 honore,
1056 4450 1123 4498 nec
1154 4425 1245 4498 satis
1277 4425 1457 4499 catholica

197 4541 264 4616 sed
283 4541 407 4639 potius
427 4539 624 4615 nationalis
642 4565 724 4614 esse
744 4539 952 4613 videbatur.

689 4676 1345 4685 ——---—-———-.-————-—-..·
1378 4678 1420 4683 -—-
1444 4678 1451 4685 .

238 4768 258 4809 r.
274 4752 341 4809 Pius
358 4753 408 4822 lX,
424 4752 489 4807 Litt.
505 4766 538 4821 29
552 4752 630 4822 Sept.
648 4752 724 4817 1870.
