3496 5482
664 540 756 588 ΡΑΡΑ
783 539 842 589 SlT
871 539 944 588 REX
976 538 1102 590 ROMAE.

253 703 290 777 in
321 701 526 778 sublimiori
555 702 686 777 ordine
720 701 841 799 positi,
871 699 1098 776 adamussim
1120 702 1256 777 evadat
1280 727 1364 777 cum
1387 726 1511 800 eoque

257 822 617 898 consummationem
634 820 789 917 accipiat
808 817 862 918 (¹).
879 819 898 847 '⁹

303 940 552 1038 Exploratum
573 941 658 1014 hinc
675 955 743 1022 est,
765 955 848 1036 post
869 938 1086 1012 Graecorum
1105 937 1324 1014 civilitatem
1345 936 1507 1036 philoso·
1535 999 1538 1005 .

251 1060 340 1157 pbia
358 1078 395 1133 et
412 1058 643 1133 humanitate
662 1057 887 1154 perfectam,
909 1055 1107 1152 practicam
1137 1082 1224 1132 mox
1250 1059 1507 1132 Romanorum

250 1180 471 1277 sapientiam
504 1177 771 1254 nobilissimam
795 1176 992 1253 emicuisse
1018 1200 1176 1274 eamque
1207 1176 1325 1252 solam
1358 1177 1405 1252 ad
1424 1177 1507 1251 bra·

247 1298 348 1372 vium
372 1298 598 1397 pervenisse.

307 1416 410 1491 Hinc
447 1416 602 1501 videtur,
634 1432 673 1489 ut
712 1411 928 1512 Aligherius
964 1412 1000 1485 in
1037 1436 1152 1509 opere
1190 1412 1239 1487 de
1270 1413 1504 1501 Monarchia,

253 1533 313 1609 lib.
340 1535 414 1621 ΙΙΙ,
435 1534 592 1632 probare
607 1532 765 1617 insudat,
789 1532 981 1604 Romanos
996 1530 1049 1604 sic
1077 1555 1257 1626 expresso
1274 1531 1348 1604 Dei
1364 1531 1506 1629 judicio

254 1653 449 1751 imperium
471 1652 598 1727 mundi
616 1650 832 1735 obtinuisse,
854 1665 893 1723 ut
912 1649 942 1721 is
969 1647 1144 1721 miracula
1162 1649 1211 1722 ob
1232 1649 1267 1723 id
1287 1648 1424 1746 pluries
1442 1675 1505 1746 pa·
1572 1700 1575 1704 ι

249 1789 348 1847 trare
383 1773 558 1873 dignatus
586 1786 643 1844 est
661 1799 667 1859 ;
685 1794 770 1867 quae
794 1760 919 1841 tamen
952 1764 1125 1839 miracula
1140 1766 1249 1840 divus
1269 1766 1506 1866 Augustinus

248 1890 414 1965 ostendit
436 1890 619 1989 quadrare
643 1887 679 1962 in
707 1887 882 1960 virtutem
905 1883 1159 1956 Romanorum
1179 1883 1228 1957 ob
1247 1908 1359 1980 quarn
1390 1884 1504 1982 impe·

249 2008 340 2082 rium
359 2009 487 2083 mundi
503 2009 592 2106 ipsis
610 2005 765 2083 contulit
784 2007 900 2080 Deus.

304 2131 406 2207 Hinc
424 2133 583 2218 solertia,
605 2149 645 2207 ut
662 2131 795 2207 cecinit
814 2130 1080 2232 poeta,ingenii
1099 2130 1270 2218 Romani,
1291 2154 1365 2228 qua
1384 2129 1424 2217 is,
1441 2127 1504 2228 qui
1574 2126 1577 2133 ’

253 2269 442 2346 praeesset,
472 2277 602 2352 regere
622 2250 776 2348 imperio
805 2248 962 2348 populos
990 2249 1241 2324 debeat-et
1265 2248 1357 2323 sciat
1384 2265 1504 2323 toturn

255 2368 626 2468 imperitareOrbem,
647 2373 739 2447 sciat
758 2372 914 2470 pacique
933 2370 1125 2468 imponere
1140 2395 1293 2457 morem,
1312 2371 1405 2445 sciat
1423 2394 1505 2468 par-

251 2514 336 2564 cere
350 2491 528 2590 subJectis
547 2510 585 2566 et
603 2490 789 2567 debellare
808 2489 999 2587 superbos.
1519 2471 1527 2484 ⁶

304 2609 406 2685 Hinc
425 2609 545 2686 cultus
563 2628 601 2685 et
620 2610 749 2710 religio
762 2609 918 2710 justitiae
938 2626 976 2685 et
999 2607 1136 2709 legum,
1156 2634 1232 2706 quo
1260 2608 1297 2681 in
1327 2608 1446 2706 prima
1466 2626 1506 2684 et

248 2729 433 2826 praecipua
449 2729 598 2804 Codicis
635 2746 748 2826 parte,
769 2727 873 2825 leges
898 2753 982 2825 quae
1007 2726 1053 2801 ad
1089 2726 1325 2826 Religionem
1346 2726 1506 2824 pertine·

248 2846 731 2946 bant,inscripserunt,dum
745 2848 894 2921 inomni
908 2845 1132 2945 gravissimo
1147 2843 1377 2942 Reipublicae
1391 2870 1505 2945 nego·

248 2965 300 3041 tio
311 2992 354 3041 ac
373 2966 617 3065 dispositione
629 2968 842 3043 sacerdotes
853 2966 1045 3042 consulere
1060 2966 1282 3040 studuerunt
1297 2993 1304 3051 ;
1320 2965 1389 3039 nisi
1404 2967 1505 3064 quod

247 3109 295 3159 ex
314 3083 384 3159 illis
404 3104 546 3160 tanturn
566 3086 791 3161 soliditatem
812 3085 1040 3159 fundamenti
1056 3083 1245 3159 societatis
1264 3082 1401 3158 ducere
1419 3110 1505 3160 con·

247 3220 402 3277 suerunt
433 3205 664 3303 proindeque
696 3230 771 3279 uno
800 3203 923 3277 studio
953 3201 1048 3276 illius
1084 3202 1173 3277 artis
1209 3201 1296 3275 boni
1325 3221 1364 3277 et
1395 3203 1503 3300 aequi,

248 3349 332 3420 quae
346 3325 492 3423 justitia
506 3343 572 3411 est,
592 3351 723 3400 omnes
741 3342 874 3423 gentes
894 3323 1198 3397 informaverunt.

298 3442 372 3516 Ast
390 3442 666 3517 transformatio
686 3441 965 3540 praeclarissima
986 3440 1103 3514 Urbis
1125 3441 1266 3525 Romae,
1280 3468 1392 3539 quam
1412 3443 1505 3519 divi·

249 3583 317 3633 nus
345 3562 589 3636 Restaurator
620 3579 760 3636 aeterno
788 3559 943 3635 consilio
958 3558 1190 3656 praeparavit,
1219 3558 1314 3634 illico
1341 3563 1506 3660 perfecta

247 3675 325 3751 fieri
362 3704 436 3753 non
469 3697 624 3776 poterat.
658 3680 831 3754 Tandem
859 3679 929 3752 sub
959 3676 1208 3753 Constantino
1241 3680 1288 3753 ad
1314 3680 1503 3780 fastigium

247 3797 437 3890 pervenit!
477 3795 518 3869 Si
555 3797 653 3870 enim
693 3795 838 3871 senatui
879 3792 1096 3891 Populoque
1134 3794 1308 3867 Romano
1344 3795 1501 3883 edicere,

247 3913 474 4012 proclamare
493 3932 531 3989 et
543 3913 699 4012 lapideis
719 3914 852 3989 tabulis
872 3915 907 3987 in
925 3939 1010 3987 arcu
1031 3912 1243 4009 triumphali
1272 3916 1504 4013 superimpo-

247 4032 327 4111 'sitis
346 4033 393 4106 ad
413 4051 629 4130 perpetuam
647 4033 698 4107 rei
719 4032 935 4107 memoriam
952 4029 1153 4105 inscribere
1172 4029 1387 4130 licuit,quod
1403 4033 1502 4109 Con·

245 4151 430 4225 stantinus
450 4150 624 4225 instinctu
644 4150 849 4224 divinitatis
862 4149 1097 4224 Maxentium
1112 4148 1348 4247 profligasset
1363 4179 1371 4239 ;
1384 4178 1429 4226 eo
1442 4151 1500 4227 vel

244 4269 363 4367 magis
382 4268 499 4354 nobis,
521 4287 653 4343 cuncta
666 4269 761 4344 adeo
781 4273 872 4342 mira
891 4287 928 4342 et
946 4267 994 4341 ab
1012 4267 1177 4339 humano
1196 4266 1350 4341 consilio
1380 4268 1502 4343 aliena

242 4389 781 4488 rimantibus,ineffabilemque
797 4389 870 4464 Dei
882 4389 971 4462 Veri
990 4387 1268 4461 Providentiam
1280 4386 1497 4475 colentibus,

241 4509 395 4596 edicere,
411 4507 640 4606 proclamare
658 4535 700 4584 ac
719 4510 818 4607 typis
838 4509 1014 4582 mandare
1028 4506 1162 4595 licebit,
1185 4507 1286 4605 quod
1306 4507 1363 4581 vir
1378 4507 1437 4582 ille
1460 4526 1498 4584 et

281 4721 291 4761 1
314 4706 467 4778 Pallottini,
486 4711 598 4767 Sacerd.
610 4716 638 4765 et
650 4711 730 4782 Imp,
744 4728 805 4781 cap.
823 4713 843 4778 1,
858 4720 908 4766 art.
924 4725 948 4780 3,
962 4717 993 4764 n⁰
1008 4724 1047 4777 to,
1057 4725 1120 4779 pag.
1139 4722 1196 4780 145·
