3496 5482
326 562 384 632 92'
737 557 831 609 ΡΑΡΑ
856 558 917 610 81Τ
944 557 1021 607 REX
1048 555 1177 607 ROMAE.

1410 655 1584 666 ——---

332 724 478 799 Urbem
507 720 603 795 hanc
624 718 850 795 Pontificalis
872 719 1099 794 Dominatus
1126 717 1201 791 alte
1219 717 1400 813 impressa
1427 714 1587 812 vestigia

329 841 367 915 in
396 863 545 937 quaqua
572 837 628 912 sui
661 855 766 934 parte
798 837 945 923 referre,
980 836 1115 933 quibus
1144 832 1354 909 ostenditur
1381 832 1513 907 eadem
1540 830 1587 905 ad

332 958 525 1030 Romanos
564 953 764 1029 Pontifices
800 970 855 1028 tot
893 953 1103 1050 talibusque
1141 951 1353 1026 nominibus
1389 949 1585 1048 pertinere,

328 1092 424 1174 quot
438 1073 637 1172 qualiaque
656 1072 910 1171 inquamlibet
928 1072 985 1145 sui
999 1070 1104 1169 regni
1124 1070 1254 1144 urbem
1272 1068 1397 1143 nullus
1413 1068 1590 1166 Princeps

330 1220 496 1293 unquam
523 1193 653 1267 habuit
669 1192 724 1292 (¹)
740 1193 757 1222 ''

379 1330 412 1391 9.
434 1316 549 1391 Sacra
567 1315 642 1389 imo
668 1331 705 1388 et
735 1313 986 1389 sacratissima
1005 1331 1062 1386 est
1093 1313 1225 1399 Roma,
1246 1337 1314 1387 ceu
1343 1329 1454 1408 caput
1473 1310 1589 1386 Orbis

330 1434 531 1520 christiani,
548 1459 615 1507 ceu
635 1450 803 1508 centrum
824 1431 937 1507 vitale
956 1432 1066 1530 hujus
1085 1431 1276 1505 societatis
1296 1431 1406 1505 almae
1430 1456 1515 1528 quae
1533 1447 1590 1505 est

333 1552 514 1627 Ecclesia.
547 1596 597 1607 —
621 1551 786 1636 Etenim,
832 1569 873 1625 ut
917 1550 1043 1652 pergit
1073 1549 1334 1623 sanctissimus
1381 1549 1591 1644 Dominus:

334 1683 354 1712 ‘⁴
371 1672 504 1770 Magni
519 1671 673 1745 interest
694 1669 993 1744 animadvertere
1009 1669 1191 1744 rationem
1216 1668 1533 1767 independentiae
1554 1685 1592 1745 et

332 1789 513 1865 libertatis
533 1788 734 1873 Pontificis,
769 1788 805 1860 in
842 1787 1021 1862 exercitio
1055 1786 1251 1886 apostolici
1282 1788 1487 1875 ministerii,
1517 1814 1592 1862 ma·

334 1911 450 1985 iorem
464 1910 539 1983 vim
560 1933 602 1983 ac
615 1934 767 2006 prorsus
785 1908 841 1982 sui
855 1908 1042 2006 propriam
1063 1908 1262 2006 acquirere,
1279 1935 1363 1984 curn
1378 1910 1425 1984 ad
1447 1910 1592 1985 Urbem

337 2030 507 2115 Romam,
525 2028 733 2104 naturalem
764 2054 994 2102 summorum
1017 2030 1240 2105 Pontificum
1256 2030 1406 2115 Sedem,
1423 2048 1591 2106 centrum

336 2151 435 2224 vitae
456 2148 658 2236 Ecclesiae,
666 2166 776 2246 caput
796 2150 913 2223 Orbis
932 2148 1114 2237 catholici,
1132 2150 1299 2226 refertur.

388 2270 519 2346 “Heic
539 2270 600 2343 ubi
619 2271 812 2344 Romanus
827 2269 1002 2344 Pontifex
1022 2288 1061 2343 ut
1083 2270 1283 2367 plurimum
1303 2288 1476 2356 moratur,
1486 2269 1590 2368 regit,

336 2390 456 2474 docet,
466 2389 654 2485 praecipit,
663 2387 745 2461 heic
763 2388 811 2461 sit
830 2386 939 2484 plena
958 2386 1162 2462 catholicae
1181 2389 1282 2463 vitae
1295 2388 1545 2463 manifestatio
1556 2404 1595 2461 et

338 2508 538 2606 explicatio
553 2537 560 2596 ;
575 2508 657 2582 heic
669 2507 792 2583 cultus
811 2507 1026 2582 solemnitas
1039 2508 1341 2604 splendidissima
1360 2539 1367 2595 ;
1386 2509 1469 2584 heic
1491 2534 1595 2582 reve·

339 2629 458 2703 rentia
494 2645 531 2703 et
558 2627 798 2702 observantia
827 2625 1051 2724 exemplaris
1080 2627 1205 2726 legum
1241 2627 1597 2713 ecclesiasticarum

340 2748 422 2822 heic
449 2747 615 2821 omnium
643 2747 788 2844 piorum
830 2770 986 2843 operum
1022 2746 1289 2820 catholicorum
1326 2730 1525 2845 tranquilla
1560 2762 1598 2820 et

323 2864 471 2965 ‘legalis
490 2866 689 2940 existentia
709 2863 752 2963 (²)
780 2864 808 2940 ”.
913 2876 917 2884 '

396 2985 473 3059 Ubi
495 2985 638 3071 Petrus,
648 2986 697 3059 ibi
715 2985 893 3060 Ecclesia.
906 2987 1038 3061 Petrus
1058 3011 1124 3082 per
1145 2988 1355 3062 Romanum
1379 2986 1598 3060 Pontificem

343 3107 514 3206 loquitur,
536 3126 573 3183 et
601 3134 749 3206 semper
778 3109 814 3182 in
840 3109 917 3182 suis
948 3109 1224 3183 successoribus
1249 3109 1344 3184 vivit
1364 3127 1401 3185 et
1417 3109 1598 3210 judicium

344 3244 502 3313 exercet,
524 3245 562 3300 et
574 3245 726 3324 praestat
737 3228 991 3325 quaerentibus
1010 3228 1097 3301 fidei
1118 3228 1314 3302 veritatem
1333 3255 1340 3314 ;
1359 3246 1396 3303 et
1417 3229 1503 3303 ideo
1521 3226 1600 3301 haec

349 3347 520 3419 Romana
536 3345 713 3420 cathedra
732 3346 898 3420 omnium
915 3344 1167 3420 Ecclesiarum
1187 3365 1307 3421 mate-r
1325 3364 1382 3421 est
1399 3338 1512 3443 atque
1527 3371 1602 3420 ma·
1652 3355 1655 3362 ’

346 3464 471 3561 gistra.
494 3464 589 3536 Haec
609 3464 793 3561 siquidem
812 3463 1025 3561 principalis
1041 3463 1222 3550 Ecclesia,
1236 3466 1336 3538 unde
1346 3465 1470 3538 unitas
1484 3489 1603 3539 sacer·

346 3578 480 3656 dotalis
499 3600 640 3667 exorta,
662 3580 741 3656 haec
773 3582 922 3679 pietatis
949 3582 1175 3678 metropolis,
1194 3583 1230 3655 in
1258 3608 1332 3680 qua
1365 3599 1423 3656 est
1459 3583 1604 3682 integra

346 3701 557 3775 christianae
589 3699 778 3799 religionis
802 3727 844 3774 ac
881 3701 1046 3798 perlecta
1083 3701 1260 3786 soliditas,
1291 3701 1421 3798 inqua
1457 3727 1606 3799 semper

347 3818 562 3916 apostolicae
597 3819 786 3894 cathedrae
817 3820 937 3917 viguit
964 3819 1205 3917 Principatus,
1238 3819 1416 3915 adquam
1454 3837 1607 3917 propter
1726 3842 1734 3857 ·

349 3937 531 4035 potiorem
563 3936 872 4034 principalitatem
893 3962 1046 4011 necesse
1071 3954 1128 4010 est
1147 3963 1296 4011 omnem
1317 3938 1519 4011 convenire
1534 3937 1604 4009 Ec·

349 4055 509 4141 clesiam,
531 4053 602 4128 hoc
622 4074 689 4139 est,
710 4056 874 4153 quisunt
893 4057 1059 4152 undique
1082 4054 1221 4140 fideles,
1244 4081 1326 4128 cum
1347 4082 1421 4154 qua
1440 4055 1605 4153 quicum·

350 4200 423 4272 que
452 4199 524 4247 non
558 4172 708 4272 colligit,
742 4173 894 4270 spargit,
917 4172 1078 4246 —hanc
1100 4174 1222 4246 Roma
1244 4173 1349 4248 Felix
1381 4174 1416 4246 in
1437 4173 1518 4246 sinu
1539 4199 1607 4247 suo
1703 4224 1707 4232 -

352 4291 518 4388 possidet
537 4289 550 4390 (
568 4288 592 4388 l.

403 4426 457 4486 10.
474 4411 732 4485 Sacratissima
757 4428 814 4485 est
842 4412 964 4485 Roma
987 4429 1138 4507 propter
1166 4412 1314 4486 Limina
1334 4409 1604 4509 Apostolorum

354 4531 610 4540 ——--—q.
622 4536 716 4541 ...—-
726 4533 962 4539 --——-————-—-
977 4534 1104 4540 ——-———·-—

390 4584 411 4623 1.
428 4570 485 4624 Leo
500 4570 541 4622 XI
547 4570 587 4636 11,
602 4570 692 4638 Epist.
700 4570 735 4623 ad
751 4570 834 4624 Card.
850 4572 1008 4639 Rampolla.

388 4665 412 4703 2.
430 4649 478 4703 Cir
492 4648 582 4718 Epist.
596 4649 634 4703 ad
648 4650 732 4703 Card.
747 4651 904 4719 Rampolla.

391 4745 415 4806 3.
428 4730 476 4784 Cir
490 4729 606 4806 Encycl.
619 4729 660 4783 Pii
674 4730 724 4799 IX,
740 4729 799 4800 Qui
802 4729 968 4805 plurr‘bur‚6
983 4731 1055 4786 Νον.
1070 4732 1145 4801 1846.
