3496 5482
242 544 314 635 318
652 564 745 615 mm
770 563 830 614 sm
858 563 934 614 nex
963 564 1087 617 nona.

1175 672 1287 678 ἡ..
1302 672 1368 677 ..,-.-
1382 672 1419 676 -
1432 672 1493 679 .-..

242 722 353 799 rebus
373 724 574 799 mundanis
593 741 630 798 et
650 723 778 797 formis
805 722 919 796 finitis
937 724 1042 821 quasi
1072 726 1307 811 incarcerata,
1341 725 1497 802 alterna·

241 839 307 916 tim
323 838 471 916 vincula
490 866 558 916 sua
578 841 797 937 dirumpens
816 858 929 937 atque
948 866 1091 940 vagans
1110 843 1157 917 de
1176 842 1291 917 ruinis
1316 845 1353 918 in
1373 847 1497 920 ruinas

242 985 435 1058 proruens,
447 976 576 1049 causat
594 959 698 1034 varia
716 985 758 1033 ac
778 959 990 1034 successiva
1014 960 1219 1058 specimina
1237 962 1426 1038 societatis
1444 983 1498 1039 at·

240 1105 314 1178 que
345 1079 608 1167 civilitatis;in
630 1105 786 1179 quarum
817 1079 975 1177 proinde
1004 1079 1168 1177 reliquiis
1205 1081 1328 1155 mirari
1354 1081 1408 1158 sas
1440 1104 1498 1159 est

240 1198 435 1273 transitum
463 1199 545 1296 ejus
580 1198 835 1272 successivum
869 1197 916 1277 ad
941 1197 1067 1283 lndos,
1092 1197 1330 1296 Babylonios,
1351 1201 1494 1288 Persas,

243 1314 391 1402 Medos,
406 1316 623 1415 AEgyptios‚
640 1316 805 1402 Graecos,
823 1316 1016 1401 Etruscos,
1034 1316 1227 1391 Romanos
1239 1336 1353 1415 atque
1365 1319 1496 1395 Getas.

293 1447 405 1521 Nunc
420 1447 530 1544 juxta
548 1444 640 1520 alios
659 1447 791 1521 eadem
811 1445 1020 1520 substantia
1039 1445 1167 1519 divina
1180 1444 1345 1522 insidens
1364 1450 1497 1524 rationi

241 1566 413 1640 humanae
429 1588 565 1638 novam
585 1564 763 1639 continuo
795 1561 945 1637 molitur
973 1563 1130 1637 formam
1160 1564 1419 1661 perfectiorem
1438 1594 1497 1643 so·

240 1683 385 1758 cietatis
417 1683 633 1758 tendentem
660 1682 707 1756 ad
734 1682 1025 1757 destructionem
1052 1681 1197 1779 prioris.
1225 1682 1327 1777 Quid
1363 1685 1496 1760 mirum

241 1830 332 1904 ergo
367 1804 398 1878 si
448 1803 582 1878 Fichte
613 1803 829 1903 hujusmodi
872 1802 1055 1900 principio
1087 1801 1214 1876 sociali
1250 1803 1499 1900 pantheistico
1596 1884 1599 1890 ,
1640 1880 1641 1884 ,

241 1922 400 2008 innixus,
422 1921 693 1996 revolutionem
714 1919 959 2020 proclamavit
978 1919 1139 1994 officium
1174 1920 1344 1995 divinum
1361 1921 1376 1996 ἓ
1394 1923 1497 2018 Quid

241 2043 271 2116 si
294 2042 419 2142 Hegel
441 2042 536 2116 hanc
561 2041 718 2116 formam
749 2039 931 2116 modulari
957 2038 1064 2136 juxta
1090 2037 1252 2114 indolem
1272 2039 1496 2118 nationalem

241 2184 284 2235 ac
302 2159 413 2235 situm
431 2159 724 2260 geographicum
744 2177 917 2256 oportere
935 2157 1059 2232 dixit?

294 2294 346 2368 Et
365 2293 509 2380 iterum,
530 2292 734 2368 secundum
755 2288 1093 2365 San-Simonianos
1108 2307 1146 2364 et
1168 2289 1368 2364 Massones
1388 2290 1497 2389 pluri-

244 2437 335 2498 mos,
373 2410 582 2486 substantia
616 2410 743 2485 divina
773 2408 988 2483 coincidens
1020 2433 1104 2481 cum
1143 2407 1384 2497 humanitate,
1418 2410 1498 2507 ipsa

242 2513 399 2628 proinde
413 2555 480 2628 per
493 2531 728 2626 adaequatam
756 2527 976 2613 libertatem,
998 2525 1198 2624 paritatem
1218 2551 1261 2598 ac
1290 2525 1496 2602 fraternita-

243 2669 319 2725 tem
348 2650 514 2725 omnium
534 2668 572 2724 et
593 2647 825 2748 singulorum
863 2643 1117 2723 membrorum
1148 2646 1268 2721 tendit
1300 2647 1336 2720 in
1362 2647 1497 2722 consti·

244 2774 420 2848 tuendam
441 2775 659 2848 societatem
688 2770 936 2846 universalem
964 2770 1166 2844 hominum.

295 2904 357 2977 En
374 2902 550 2978 nonnulla
574 2902 708 3001 placita
723 2901 1029 2999 pantheistarum,
1056 2925 1141 2996 quae
1161 2918 1247 2974 nata
1260 2919 1347 2974 sunt
1366 2926 1497 2974 verum

243 3021 413 3097 ordinem
448 3021 665 3095 historicum
702 3045 745 3093 ac
775 3017 949 3092 socialem
983 3017 1092 3114 plane
1119 3018 1347 3093 subvertere.
1369 3019 1498 3114 Quan-

244 3156 373 3236 topere
392 3165 483 3214 vero
502 3138 714 3237 hujusmodi
734 3154 940 3235 systemata
960 3154 1197 3209 monstruosa
1216 3137 1289 3210 sint
1303 3154 1341 3211 et
1357 3155 1497 3210 naturae

245 3255 417 3331 humana:
452 3257 641 3331 societatis
664 3256 822 3330 adversa
850 3255 913 3327 vix
938 3280 1033 3350 opus
1068 3273 1126 3327 est
1154 3254 1266 3328 dictu.
1287 3255 1390 3350 Quid
1409 3255 1498 3330 boni

246 3398 408 3471 unquam
428 3374 603 3471 profluxit
622 3393 686 3448 aut
699 3399 863 3471 unquam
882 3371 1043 3470 profluet
1065 3398 1133 3470 pro
1151 3373 1328 3455 civilitate
1346 3376 1496 3472 generis

245 3490 396 3566 humani
415 3519 462 3568 ex
495 3493 638 3590 placitis
668 3491 975 3589 pantheistarum,
1006 3515 1090 3587 quae
1123 3510 1255 3565 cuncta
1274 3492 1433 3567 tendunt
1462 3495 1499 3567 in

244 3612 537 3687 destructionem
567 3612 703 3686 nedum
751 3611 787 3684 in
812 3610 1098 3684 aedificationem
1135 3610 1333 3696 societatis,
1354 3630 1392 3685 et
1428 3612 1496 3710 ipsi

248 3728 399 3816 Deitati,
421 3749 461 3804 ut
479 3731 556 3805 enti
575 3755 720 3803 summe
736 3729 835 3803 bono
856 3746 894 3802 et
913 3728 968 3801 sui
986 3727 1170 3815 diffusivo,
1191 3728 1363 3826 injuriam
1383 3730 1498 3803 maxi·
1518 3811 1520 3814 .

244 3873 343 3922 mam
363 3849 556 3924 inierunt?

295 3978 354 4078 B)
368 3981 440 4054 Ast
458 3982 623 4055 secunda
640 3999 764 4055 exstat
782 3978 910 4053 schola
940 3978 1154 4066 deistarum,
1176 3980 1498 4056 materialistarum

245 4096 304 4172 vel
324 4098 577 4187 fatalistarum,
599 4101 662 4198 qui
696 4099 914 4196 plerumque
936 4099 1061 4172 Deum
1091 4099 1327 4198 singularem,
1348 4102 1415 4176 sed
1435 4102 1501 4176 im·

244 4216 441 4312 providum
461 4236 721 4318 agnoscentes
738 4242 870 4292 omnes
891 4244 933 4290 ac
960 4215 1127 4315 singulas
1157 4242 1226 4304 res,
1246 4239 1309 4293 aut
1330 4221 1498 4294 materia·

245 4334 341 4409 libus
359 4337 500 4412 viribus
520 4357 670 4424 naturae,
687 4356 750 4411 aut
768 4336 964 4411 conatibus
993 4335 1128 4409 mentis
1147 4335 1329 4423 humanae,
1343 4356 1406 4412 aut
1425 4339 1502 4413 lato

245 4457 455 4531 necessario
472 4457 747 4536 adscribunt,ac
768 4455 926 4552 proinde
942 4472 1101 4527 eventus
1120 4473 1159 4527 ut
1175 4456 1274 4529 nuda
1288 4457 1498 4543 lacta,nulla

245 4597 396 4670 prorsus
415 4575 558 4650 ratione
579 4572 707 4648 morali
736 4571 926 4671 pollentia,
958 4571 1190 4669 consignant.
1224 4573 1414 4649 Fatalistis
1438 4577 1502 4650 ad-

246 4688 470 4787 stipulantur
488 4692 523 4766 in
544 4690 670 4766 Gallia
685 4691 833 4776 Thiers,
857 4690 1019 4787 Mignet,
1041 4687 1198 4786 Volney.
