3496 5482
330 561 379 632 30
738 557 832 607 ram
858 557 918 608 sn·
946 556 1021 606 nux
1051 556 1177 607 nona.

328 727 376 802 de
399 725 569 800 libertate
600 723 779 798 Ecclesiae
797 721 931 797 effata:
952 732 972 760 ‘⁶
996 721 1200 796 ineffabilis
1227 724 1365 798 'amoris
1390 724 1587 800 dulcedine

329 842 480 940 Sponso
498 867 577 928 suo,
597 841 660 938 qui
688 839 861 915 Christus
883 856 951 926 est,
979 838 1119 913 Sancta
1141 839 1267 915 Mater
1286 840 1457 917 Ecclesia
1475 868 1586 940 copu-

327 961 410 1048 lata,
431 961 539 1036 dotes
552 978 589 1035 et
606 960 746 1060 gratias
777 958 824 1032 ab
847 959 937 1055 lpso
960 959 1125 1056 suscepit
1143 959 1402 1057 amplissimas,
1419 963 1588 1038 ubertate

328 1081 506 1156 secundas
544 1099 583 1154 et
617 1079 837 1177 specialiter,
876 1079 972 1153 inter
1003 1104 1078 1166 eas,
1116 1079 1340 1156 beneficium
1392 1081 1587 1157 libertatis.

327 1202 456 1278 Voluit
487 1201 587 1278 enim
622 1199 888 1298 peramabilem
913 1199 1102 1297 Sponsam
1133 1201 1228 1300 Ejus
1263 1201 1379 1277 libere
1415 1201 1586 1277 fidelibus

327 1322 475 1422 populis
506 1345 670 1418 praeesse
700 1318 878 1405 dominio,
900 1336 940 1393 ut
976 1319 1078 1395 velut
1109 1320 1145 1393 in
1173 1320 1267 1396 filios
1295 1321 1460 1409 haberet,
1482 1347 1587 1397 more

328 1440 466 1527 matris,
497 1438 532 1511 in
571 1436 740 1535 singulos
771 1454 1009 1534 potestatem,
1026 1463 1068 1512 ac
1089 1438 1186 1512 Eam
1217 1439 1340 1513 cuncti
1371 1465 1455 1514 cum
1486 1438 1587 1514 filiali

328 1555 537 1634 reverentia
553 1573 743 1652 tamquam
762 1553 1012 1630 universalem
1031 1574 1189 1631 matrem
1208 1574 1246 1632 et
1259 1557 1450 1631 dominam
1469 1555 1586 1631 hono·

327 1691 461 1750 rarent.

379 1793 517 1889 “Quis
545 1790 809 1868 ecclesiasticae
840 1791 1022 1867 libertatis
1038 1793 1213 1869 infractor
1232 1814 1362 1870 contra
1395 1795 1519 1871 Deum
1548 1813 1587 1870 et

330 1913 534 1988 Dominum
551 1911 716 2010 cujusvis
729 1911 958 1986 defensionis
973 1912 1106 2010 clypeo
1117 1932 1343 2015 protegetur,
1361 1934 1402 1991 ut
1413 1940 1585 2012 supernae

327 2032 474 2106 virtutis
501 2028 638 2105 malleo
662 2033 885 2104 commissus
904 2050 942 2105 et
961 2032 1079 2130 redigi
1099 2054 1261 2132 nequeat
1280 2034 1317 2108 in
1336 2034 1528 2132 pulverem
1547 2052 1586 2110 et

327 2148 522 2225 favillam?
542 2149 559 2176 '’
919 2148 926 2159 ’

375 2284 412 2345 4.
433 2267 521 2342 Hoc
535 2267 599 2366 jus
614 2265 858 2342 immunitatis
877 2267 1130 2342 necessarium
1150 2286 1208 2344 est
1222 2288 1259 2344 et
1278 2269 1488 2357 essentiale,
1510 2294 1584 2344 non

327 2385 574 2461 adventitium
595 2411 661 2459 seu
679 2384 919 2472 accidentale,
946 2385 1124 2461 Primatui
1146 2387 1308 2462 Romani
1330 2388 1530 2463 Pontificis.

379 2504 492 2600 Quod
511 2522 625 2600 patet.
650 2503 804 2578 Etenim
820 2519 861 2577 ut
878 2529 953 2600 qua
972 2523 1140 2600 potestas
1157 2505 1303 2579 dicatur
1336 2505 1584 2581 essentialiter

327 2623 434 2699 alicui
470 2621 681 2707 convenire,
704 2645 778 2694 non
811 2646 907 2718 opus
933 2639 992 2696 est
1020 2622 1101 2720 ejus
1118 2626 1334 2698 exercitium
1348 2624 1396 2697 sit
1413 2623 1584 2723 subjecto

327 2739 526 2816 essentiale
539 2757 577 2815 et
593 2740 803 2815 necessario
829 2740 997 2828 insitum;
1018 2741 1107 2815 satis
1127 2761 1184 2816 est
1203 2742 1234 2815 si
1255 2742 1335 2838 ipsa
1352 2767 1435 2815 cum
1454 2768 1583 2817 essen·

329 2860 380 2935 tia
398 2859 450 2933 rei
468 2859 516 2932 sit
530 2856 700 2932 absolute
714 2857 963 2932 connexalta
983 2857 1139 2932 facultas
1158 2859 1392 2959 intelligendi
1406 2879 1443 2934 et
1455 2886 1583 2958 quam·

328 2979 417 3053 libet
430 2975 623 3050 scientiam
654 2975 869 3072 acquirendi
890 2992 948 3049 est
959 2976 1169 3051 essentialis
1183 2977 1347 3052 humano
1365 2977 1583 3066 intellectui;

327 3113 453 3194 potest
472 3112 596 3168 tamen
616 3093 695 3166 dari
727 3092 937 3167 intellectus
955 3093 1046 3191 quin
1068 3096 1245 3192 expedite
1268 3095 1365 3169 adsit
1384 3094 1494 3195 hujus
1516 3121 1582 3194 po·

329 3216 473 3291 testatis
492 3213 722 3289 exercitium.

381 3334 514 3432 ltaque
527 3330 622 3405 sicut
641 3329 849 3406 essentialis
863 3349 921 3405 est
944 3331 1121 3406 Primatui
1133 3350 1300 3429 potestas
1320 3333 1521 3431 recipiendi
1535 3359 1583 3407 ex

328 3472 408 3530 toto
436 3453 528 3528 orbe
545 3451 748 3525 christiano
779 3450 1090 3548 appellationesa
1120 3452 1255 3550 quovis
1291 3452 1413 3549 primo
1438 3453 1582 3550 judicio

330 3573 605 3670 Episcoporum
623 3597 631 3658 ;
649 3614 699 3625 —
718 3570 813 3644 sicut
838 3569 1038 3645 essentiale
1056 3570 1179 3645 eidem
1208 3590 1266 3646 est
1291 3572 1355 3669 jus
1383 3571 1582 3645 exercendi

327 3694 594 3791 cujuscumque
638 3706 744 3762 actus
781 3688 1052 3787 jurisdictionis
1084 3690 1307 3787 episcopalis
1339 3691 1376 3763 in
1408 3690 1582 3764 universa

329 3809 523 3896 Ecclesia;
543 3853 591 3865 —
614 3809 664 3882 ita
689 3807 888 3883 essentiale
915 3808 1114 3883 dicendum
1145 3829 1202 3884 est
1225 3810 1403 3884 Primatui
1421 3811 1485 3908 jus
1517 3810 1583 3882 im-

327 3928 554 4004 munitatisa
573 3926 666 4000 laica
671 3926 933 4026 jurisdictione
952 3924 965 4026 (
982 3925 1005 4026 )

377 4068 412 4130 5.
435 4050 588 4145 Quanta
606 4067 663 4124 est
682 4075 774 4147 ergo
793 4067 961 4146 potestas
979 4075 1091 4148 quam
1108 4051 1214 4126 dedit
1235 4052 1342 4125 Deus
1361 4051 1503 4126 homini
1525 4050 1585 4136 illi,

325 4171 572 4272 quiVicarius
591 4189 648 4245 est
669 4170 754 4243 Filii
778 4171 835 4244 sui
853 4197 897 4245 ac
916 4189 1084 4246 centrum
1106 4198 1173 4246 seu
1192 4172 1413 4268 principium
1434 4171 1585 4245 unitatis

327 4291 363 4364 in
384 4288 586 4365 Ecclesia?

379 4410 422 4483 ln
441 4407 710 4506 temporalibus
740 4408 850 4483 rebus
885 4434 907 4481 a
927 4407 1061 4482 nullius
1085 4408 1347 4507 jurisdictione
1366 4408 1527 4505 pendet;
1544 4408 1579 4480 in

326 4525 589 4624 spiritualibus,
615 4525 696 4600 sola
713 4526 934 4600 auctoritate
953 4526 1080 4600 divina
1094 4545 1262 4623 excepta,
1286 4525 1385 4600 nulla
1403 4525 1476 4599 alia
1484 4525 1583 4624 judi·

363 4739 385 4780 1.
400 4723 544 4794 Palmieri,
558 4725 611 4795 Op.
623 4725 678 4792 cit,
691 4740 753 4794 pag.
770 4737 829 4793 500.
