3496 5482
191 502 280 512 ...ι-..-

658 562 780 614 entur
807 563 969 613 eruuu.
1400 559 1441 631 15

186 724 292 799 Sicut
323 724 423 798 misit
455 749 514 798 me
546 724 666 810 Pater,
694 744 732 798 et
762 725 848 824 Ego
868 725 976 800 mitto
995 749 1063 798 vos
1082 721 1138 822 (¹).
1163 721 1216 797 Et
1235 747 1333 807 ecce,
1357 720 1444 820 Ego

186 841 380 915 vobiscum
399 868 482 915 sum
501 842 674 918 omnibus
693 842 835 929 diebus,
856 868 976 940 usque
1004 841 1051 914 ad
1080 840 1442 917 consummationem

187 958 310 1033 saeculi
331 956 386 1059 (²).
408 959 424 987 ”

239 1077 386 1153 “Nulli
416 1104 508 1153 sane
535 1079 699 1164 dubium,
733 1080 808 1153 imo
837 1077 980 1153 saeculis
1009 1077 1183 1152 omnibus
1213 1093 1341 1151 notum
1373 1092 1441 1161 est,

187 1199 287 1296 quod
306 1216 456 1272 sanctus
476 1198 788 1296 beatissimusque
815 1199 947 1272 Petrus
976 1196 1244 1294 Apostolorum
1267 1196 1443 1291 Princeps

187 1332 356 1413 etcaput‚
373 1315 535 1415 fideique
563 1315 735 1390 columna
749 1335 787 1390 et
808 1316 988 1390 Ecclesiae
1006 1314 1198 1390 catholica:
1225 1314 1443 1387 fundamen·

188 1450 276 1519 tum,
296 1433 344 1507 ad
359 1434 429 1509 hoc
444 1459 562 1531 usque
577 1453 724 1530 tempus
752 1452 791 1509 et
819 1459 969 1531 semper
995 1434 1031 1506 in
1050 1433 1127 1506 suis
1154 1430 1441 1515 successoribus,

190 1550 388 1649 Episcopis
406 1550 557 1626 Sancta:
587 1553 768 1625 Romanae
800 1551 920 1638 Sedis,
955 1552 1002 1625 ab
1032 1551 1113 1647 ipso
1138 1550 1311 1636 sundatae,
1346 1549 1443 1647 ejus·

187 1696 260 1767 que
295 1671 478 1769 sanguine
509 1690 747 1757 consecratae,
786 1671 879 1745 vivit
916 1689 954 1745 et
994 1670 1170 1767 praesidet
1201 1688 1238 1743 et
1262 1669 1443 1768 judicium

188 1805 346 1862 exercet.
371 1789 486 1863 Unde
516 1790 741 1887 quicumque
760 1790 796 1862 in
816 1789 884 1863 hac
920 1786 1097 1863 cathedra
1127 1788 1237 1861 Petro
1266 1787 1441 1874 succedit,

188 1905 229 1992 is,
262 1907 467 1981 secundum
498 1906 638 1981 Christi
677 1908 792 2005 ipsius
812 1907 1095 1992 institutionem,
1119 1905 1322 1980 Primatum
1345 1905 1444 1979 Petri

188 2023 225 2096 in
244 2024 457 2098 universam
489 2024 699 2099 Ecclesiam
725 2026 881 2099 obtinet.

240 2150 262 2179 “
280 2140 322 2216 Si
341 2142 425 2239 quis
443 2168 535 2241 ergo
552 2143 733 2218 dixerit...
766 2144 978 2217 Romanum
1011 2141 1228 2218 Pontificem
1260 2167 1333 2216 non
1362 2166 1444 2215 esse

191 2261 231 2333 Β.
255 2261 355 2335 Petri
375 2262 410 2335 in
441 2263 574 2337 eodem
597 2263 762 2337 Primatu
781 2287 1045 2345 successorem,
1066 2261 1266 2334 anathema
1284 2261 1332 2333 sit
1349 2256 1404 2359 (³).
1427 2259 1444 2287 ”

237 2393 271 2453 8.
288 2378 472 2474 Quaenam
502 2399 559 2454 est
591 2406 682 2479 ergo
713 2379 854 2477 papalis
872 2380 1066 2478 dignitatis
1093 2378 1293 2477 majestas?
1314 2387 1334 2416 “
1355 2378 1445 2453 Cre-

188 2496 352 2571 dendum
381 2498 429 2571 ab
463 2498 638 2573 omnibus
658 2496 975 2572 Christifidelibus
1006 2513 1073 2584 est,
1093 2514 1259 2570 sanctam
1279 2497 1444 2593 Aposto-

188 2614 295 2688 licam
316 2615 455 2690 Sedem
474 2635 512 2690 et
542 2618 753 2690 Romanum
777 2615 995 2690 Pontificem
1024 2615 1061 2688 in
1080 2615 1294 2688 universum
1314 2614 1443 2688 orbem

189 2752 317 2807 tenere
338 2734 553 2820 Primatum,
575 2752 612 2808 et
639 2735 761 2832 ipsum
784 2734 1002 2808 Pontificem
1026 2734 1237 2806 Romanum
1257 2758 1445 2808 successo·

189 2876 267 2924 rem
287 2877 370 2926 esse
392 2852 432 2924 Β.
458 2853 568 2939 Petri,
595 2853 775 2950 Principis
795 2852 1074 2950 Apostolorum,
1097 2871 1135 2926 et
1153 2878 1284 2926 verum
1305 2853 1445 2929 Christi

189 2967 585 3068 Vicarium,totiusque
601 2969 779 3043 Ecclesiae
791 2990 902 3068 caput
915 2990 952 3044 et
964 2972 1130 3043 omnium
1147 2970 1445 3046 Christianorum

189 3104 332 3182 patrem
348 3105 386 3160 et
402 3089 593 3162 doctorem
614 3089 775 3163 existere
796 3086 849 3188 (⁴).
872 3090 888 3114 ’¹

243 3205 344 3280 Huic
373 3206 445 3306 legi
475 3208 651 3282 credendi
680 3207 882 3281 conformis
912 3225 969 3280 est
992 3206 1050 3279 lex
1076 3207 1206 3280 orandi
1248 3208 1284 3280 in
1316 3207 1447 3282 Eccle-

189 3324 245 3397 sia
261 3325 442 3399 Romana.

240 3442 342 3537 Quid
361 3444 518 3540 proinde
539 3444 586 3517 sit
614 3445 715 3541 Papa
733 3444 953 3542 perpulchre
979 3463 1115 3518 sonant
1140 3470 1269 3541 preces
1293 3471 1378 3543 quae
1409 3445 1446 3518 in

190 3561 400 3634 ceremonia
423 3562 675 3635 coronationis
703 3563 774 3636 SS.
798 3563 1019 3636 Pontificum
1048 3564 1216 3660 usurpari
1235 3562 1367 3638 solent.
1383 3564 1446 3639 Sic

189 3698 271 3751 orat
298 3679 423 3752 senior
456 3680 552 3754 inter
571 3680 1045 3778 Cardinales·Episcopos:
1068 3693 1088 3720 ‘⁴
1110 3681 1225 3767 Deus
1250 3684 1314 3780 qui
1344 3682 1447 3779 Apo·

188 3796 323 3871 stolum
353 3817 457 3872 tuum
502 3802 664 3888 Petrum,
697 3802 793 3876 inter
832 3819 977 3876 ceteros
1004 3801 1212 3899 Apostolos
1242 3803 1446 3876 Primatum

189 3933 316 3990 tenere
331 3915 490 4003 voluisti,
511 3920 620 4015 eique
640 3920 824 3994 universae
855 3920 1135 3994 christianitatis
1167 3919 1303 3994 molem
1335 3946 1449 4017 super

188 4030 364 4107 humeros
384 4035 602 4131 imposuisti,
624 4038 777 4133 respice,
799 4063 1024 4132 quaesumus,
1051 4038 1236 4134 propitius
1263 4037 1361 4111 hunc
1396 4038 1412 4110 s
1434 4080 1447 4092 ·

189 4147 328 4223 mulum
348 4169 452 4225 tuum
472 4151 677 4254 (Leonem)
704 4179 816 4251 quem
837 4155 883 4228 de
904 4153 1032 4228 humili
1064 4154 1244 4229 cathedra
1263 4154 1448 4230 violenter

189 4264 438 4357 sublimatum,
453 4271 489 4343 in
504 4288 652 4344 tronum
672 4273 842 4370 ejusdem
856 4272 1123 4371 Apostolorum
1141 4273 1322 4369 Principis
1336 4272 1447 4347 subli-

772 4412 1024 4423 ———..—
1027 4415 1051 4421 --

229 4457 354 4528 rsoan,
367 4473 421 4531 xx,
435 4479 476 4517 21.

222 4551 249 4606 ¹2.
264 4538 378 4609 Manli,
393 4555 506 4611 xxviii,
521 4559 562 4597 ao.

225 4630 250 4684 a
265 4616 371 4674 Concil.
386 4622 486 4691 Vatis,
499 4623 521 4681 l.
533 4639 564 4693 c.,
577 4641 639 4694 cap.
654 4640 677 4680 2.

224 4710 251 4762 4.
266 4699 373 4756 Concil.
389 4702 489 4771 Vario,
502 4704 522 4759 l.
534 4720 566 4773 c.,
579 4720 641 4776 cap.
657 4720 681 4774 3.
