3496 5482
454 436 460 440 .
474 431 767 442 ..——-.-.-.-.-..----‘
808 429 1277 439 ——---—-——.--.--—-...·-.-.---.
1291 430 1581 440 „m

325 492 394 565 372
731 489 822 538 mun
850 490 909 539 su·
937 490 1012 539 nex
1042 490 1167 541 noum.

323 675 446 749 neque
459 668 547 725 ante
557 650 753 747 quiescant
767 671 880 744 quam
891 649 938 723 sit
951 649 1069 733 nobis,
1079 672 1220 745 reapse,
1229 672 1304 722 non
1316 649 1451 745 specie,
1469 647 1583 722 liber·

323 787 380 844 tas
399 769 617 845 restituta...
639 766 694 868 (¹).
716 767 734 794 '’

376 896 488 971 Faxit
507 896 633 993 itaque
662 895 768 970 Deus
787 914 826 971 ut
851 892 977 992 populi
1008 893 1180 968 catholici
1200 894 1283 968 huic
1319 893 1581 969 restaurationi

322 1016 502 1093 laciendae
522 1016 746 1101 insistentes,
761 1014 832 1090 hoc
845 1014 916 1088 sibi
936 1031 1061 1089 mente
1079 1012 1297 1114 praefiniam,
1313 1014 1349 1087 in
1368 1014 1581 1087 cautionem

275 1175 280 1183 ·
322 1137 428 1234 quasi
460 1151 628 1208 mutuam
662 1133 807 1208 fiduciae
837 1151 878 1207 ut
898 1150 986 1207 totis
1017 1133 1157 1206 viribus
1190 1131 1415 1216 incumbant,
1446 1130 1532 1204 ad
1517 1157 1582 1229 Jus

322 1253 470 1352 publice
505 1251 645 1338 laesum,
667 1252 813 1349 publice
848 1251 962 1327 etiam
994 1250 1279 1336 resarciendum,
1312 1249 1581 1391 reintegrando

324 1395 460 1468 nempe
480 1369 736 1468 Principatum
754 1370 903 1445 civilem
921 1368 961 1442 S
984 1367 1106 1442 Sedis.

378 1497 471 1572 ldeo
490 1506 580 1572 nos‘
585 1509 754 1593 oportet
766 1494 977 1579 reclamare
998 1491 1200 1568 reclamare
1218 1493 1406 1578 continuo,
1428 1492 1582 1567 ”donec

324 1615 475 1691 tandem
512 1612 713 1711 aliquando
749 1612 850 1710 Papa
882 1612 1015 1686 iterum
1046 1612 1094 1685 sit
1126 1636 1191 1686 rex
1225 1611 1357 1684 Romae
1379 1636 1422 1692 ac
1451 1609 1581 1708 populi

328 1733 492 1830 Europae
508 1731 630 1806 ordini
649 1756 691 1804 ac
710 1731 791 1830 paci
812 1729 1023 1805 reddantur.

378 1875 426 1932 ll.
457 1860 591 1933 Restat
615 1874 815 1955 postremo,
852 1882 898 1930 ne
935 1853 1034 1930 zelus
1066 1853 1282 1953 languescat
1308 1853 1516 1938 multorum,
1538 1876 1581 1929 ut

323 1977 572 2076 applicatione
606 1975 719 2049 studii
747 1974 887 2049 assidui
916 1991 953 2048 et
987 1973 1155 2047 oratione
1195 1972 1387 2046 nutriatur.
1420 1973 1582 2048 Attenta

325 2096 518 2172 meditatio
535 2120 578 2168 ac
605 2094 882 2192 perpenetratio
901 2092 1080 2169 malorum
1107 2092 1296 2168 societatis
1322 2113 1458 2167 nostrae
1476 2092 1580 2167 dete-

322 2233 389 2315 get
416 2214 538 2288 sontes
561 2211 646 2287 mali
671 2232 708 2289 et
736 2232 947 2313 opportuna
970 2212 1135 2288 remedia
1153 2231 1317 2309 apponet
1338 2211 1515 2286 continuo
1531 2211 1581 2285 de

325 2333 501 2408 thesauro
519 2356 588 2405 suo
603 2331 828 2430 proferendo
843 2356 941 2406 nova
953 2350 991 2405 et
1002 2349 1153 2418 vetera;
1171 2330 1260 2403 dum
1279 2329 1400 2404 oratio
1414 2329 1580 2402 vicissim

324 2451 555 2527 loecundabit
573 2451 750 2526 laborem.
774 2452 850 2526 Hic
870 2470 1040 2549 repetere
1053 2453 1162 2550 juvat
1180 2476 1263 2524 cum
1286 2452 1414 2548 Papa:
1434 2460 1455 2490 “
1481 2449 1579 2524 Cum

322 2573 375 2648 rei
393 2570 619 2647 christianae
637 2597 749 2669 quarn
769 2573 931 2647 maxime
950 2573 1105 2655 intersit,
1125 2571 1342 2647 Pontificem
1364 2572 1579 2646 Romanum

322 2692 359 2766 in
373 2691 620 2791 gubernanda
641 2691 810 2766 Ecclesia
838 2713 875 2767 et
893 2718 978 2767 esse
1007 2713 1044 2766 et
1063 2692 1180 2766 videri
1200 2692 1248 2766 ab
1279 2692 1380 2765 omni
1399 2690 1576 2789 periculo,

322 2809 503 2897 molestia,
518 2807 740 2885 difficultate
771 2809 938 2897 liberum,
960 2828 1141 2908 quantum
1172 2808 1255 2909 lege
1275 2827 1432 2907 possunt
1450 2809 1579 2884 catho-

321 2926 390 3012 lici,
406 2926 565 3025 agendo,
581 2927 759 3026 rogando,
775 2928 1049 3015 contendendo,
1068 2945 1211 3002 tantum
1229 2925 1419 3003 Pontificis
1433 2952 1577 3013 caussa,

321 3045 510 3118 enitantur
528 3063 565 3118 et
584 3045 747 3119 efficiant
766 3073 773 3132 ;
793 3071 915 3144 neque
929 3064 1016 3121 aute
1035 3047 1239 3144 quiescant,
1256 3071 1367 3143 quam
1387 3047 1435 3118 sit
1455 3044 1575 3130 nobis,

322 3187 464 3260 reapse,
497 3187 570 3236 non
603 3162 737 3260 speeie,
759 3164 910 3239 libertas
940 3165 1121 3250 restituta,
1155 3189 1229 3261 qua
1246 3190 1329 3237 cum
1362 3189 1436 3236 non
1465 3162 1578 3235 modo

324 3279 518 3355 Ecclesiae
537 3280 675 3355 bonum
703 3284 770 3356 sed
786 3301 823 3357 et
843 3283 1028 3356 secundus
1048 3308 1170 3357 rerum
1194 3282 1404 3357 Italicarum
1436 3305 1578 3365 cursus,

322 3416 361 3474 et
396 3398 679 3473 christianarum
707 3401 876 3498 gentium
895 3400 1141 3498 tranquillitas
1174 3400 1384 3475 necessario
1415 3398 1580 3497 quodam

323 3518 472 3594 vinculo
490 3519 739 3619 coniungitur.
757 3521 776 3547 ”

374 3654 395 3685 ‘¹
416 3645 615 3745 Permagni
636 3644 747 3721 refert
774 3646 950 3743 publicari
979 3665 1017 3723 et
1047 3647 1160 3747 longe
1177 3645 1327 3743 lateque
1345 3644 1459 3719 fluere
1480 3643 1578 3719 salu·

322 3763 437 3838 briter
455 3763 612 3861 scriptis.
633 3763 652 3790 ''

377 3889 520 3963 Inimici
552 3889 733 3964 Ecclesiae
766 3901 787 3930 ‘⁸
805 3891 951 3989 scriptis
983 3892 1093 3967 editis
1112 3891 1312 3977 decertare,
1344 3889 1464 3987 iisque
1486 3907 1580 3964 tam-

322 4032 434 4104 quam
452 4007 655 4105 aptissimis
674 4008 721 4082 ad
741 4009 950 4083 nocendum
969 4010 1080 4084 armis
1100 4010 1152 4083 uti
1171 4027 1457 4082 consueverunt.
1475 4007 1580 4081 Hinc

324 4125 514 4199 teterrima
526 4124 702 4199 librorum
721 4125 907 4214 colluvies,
923 4127 1009 4202 hinc
1026 4124 1249 4201 turbulentae
1261 4143 1299 4199 et
1313 4125 1449 4222 iniquae
1463 4123 1581 4220 ephe·

324 4242 495 4330 merides,
526 4269 682 4341 quarum
714 4269 874 4319 vesanos
903 4245 1064 4342 impetus
1093 4269 1161 4318 nec
1189 4242 1294 4342 leges
1325 4242 1481 4328 frenant,
1511 4266 1580 4316 nec

323 4361 548 4435 verecundia
566 4362 752 4438 continet!
772 4363 789 4391 ”

361 4656 381 4694 t.
402 4643 485 4694 Card.
501 4644 649 4711 Vaughan‚
663 4644 755 4694 Lellre
766 4642 784 4694 d
796 4644 883 4696 l'abbl
892 4645 1013 4696 Moreou
1036 4659 1051 4710 3
1069 4644 1146 4697 Mars
1162 4642 1240 4708 1889.
