3496 5482
249 445 773 456 m——m-—mffl—--
797 446 954 454 -,----ι.....ο

714 516 1019 569 ANIMADVERSIO.
1427 514 1499 585 403

288 677 319 740 Α
325 678 343 757 )
357 677 396 741 dc
402 675 474 760 fide
499 675 616 739 divina
644 683 694 739 est
710 683 744 739 et
759 674 882 738 dicitur
908 675 1093 758 propositio
1108 695 1166 740 seu
1190 674 1310 739 veritas
1325 678 1342 708 “
1365 672 1503 758 quando

228 773 231 777 ’
246 782 391 845 creditur
406 788 543 864 propter
571 777 804 843 auctoritatem
830 775 895 842 Dei
917 777 1094 843 revelantis
1111 778 1164 861 (¹),
1179 778 1194 807 '¹
1218 778 1443 844 abstrahendo
1459 775 1503 841 ab

246 884 416 966 explicata
432 882 659 947 declaratione
675 901 733 945 seu
749 881 979 964 propositione
997 881 1166 948 Ecclesiae.

289 989 338 1069 B)
360 987 478 1073 defide
491 988 645 1053 catholica
661 1007 737 1052 vere
753 996 852 1052 estet
865 987 986 1053 dicitur
1001 988 1127 1073 aliquid
1140 993 1156 1021 ‘⁴
1172 990 1308 1073 quando
1323 988 1400 1052 huic
1410 1006 1501 1053 acce·

246 1093 295 1157 dit
323 1091 484 1156 Ecclesiae
511 1091 787 1176 propositioque
804 1092 850 1156 ita
877 1090 1096 1158 infallibiliter
1119 1100 1252 1157 constat
1278 1091 1403 1175 aliquid
1430 1111 1503 1156 esse

174 1239 178 1243 -
245 1194 437 1273 revelatum,
452 1205 489 1260 ut
504 1195 618 1260 omnia
633 1194 794 1259 Ecclesia·
810 1195 961 1261 membra
976 1197 1018 1261 ad
1036 1216 1111 1261 eam
1122 1196 1313 1280 obligentur
1324 1195 1376 1278 (²).
1386 1194 1402 1221 ’¹
1415 1193 1502 1278 Quae

246 1320 345 1383 porro
362 1300 547 1383 propositio
562 1299 786 1365 diversimode
803 1300 945 1383 partitur
957 1299 1059 1383 juxta
1071 1301 1220 1366 diversos
1236 1310 1425 1384 respectus:

293 1418 325 1469 1⁰
350 1404 494 1470 Ratione
518 1404 734 1483 auctoritatis,
761 1405 946 1488 propositio
971 1404 1009 1470 lit
1033 1406 1077 1470 ab
1100 1404 1260 1483 Ecclesia,
1283 1403 1384 1487 juxta
1399 1403 1501 1470 Conc.

246 1511 449 1574 Vaticanum
468 1513 509 1573 r“
526 1509 597 1573 sive
611 1508 753 1574 solemni
768 1508 904 1591 judicio,
918 1509 987 1574 sive
1003 1510 1173 1574 ordinario
1188 1519 1222 1576 et
1238 1508 1414 1574 universali
1432 1528 1498 1573 ma-

244 1613 381 1697 gisterio
396 1612 449 1695 (³).
465 1612 481 1639 ”
511 1612 664 1697 Utraque
690 1613 873 1678 auctoritas
898 1621 949 1677 est
964 1611 1208 1697 irrefragabilis.
1236 1613 1290 1677 De
1306 1610 1501 1677 definitione

244 1737 288 1781 ex
304 1716 473 1782 ordinario
488 1726 519 1780 et
541 1717 725 1781 universali
738 1715 927 1800 magisterio
943 1716 988 1780 nil
1005 1716 1059 1782 hic
1082 1717 1232 1782 dicemus
1247 1717 1299 1800 (⁴).
1316 1716 1370 1780 De
1385 1714 1501 1780 defini-

244 1820 335 1886 tione
351 1840 396 1884 ex
411 1819 547 1884 solemni
549 1819 681 1902 Jirdicio
696 1820 892 1904 plerumque
918 1820 1009 1885 locus
1026 1820 1159 1886 dicendi
1175 1822 1325 1885 occurrit.
1342 1818 1501 1885 Solemne

244 1924 380 2008 quidem
393 1923 557 2006 judicium
574 1924 718 1989 habetur
732 1926 749 1956 “
764 1923 1051 2008 quotiescumque,
1063 1946 1092 1990 v.
1108 1945 1139 2008 g.
1154 1925 1329 1989 occasione
1346 1924 1499 1989 resisten-

245 2028 300 2092 tiae
317 2028 368 2093 vel
384 2028 629 2092 obscurationis
653 2028 826 2105 doctrinae,
849 2047 983 2092 necesse
1000 2027 1089 2093 fitur
1117 2029 1189 2112 ipsa
1213 2029 1401 2093 stabiliatur
1416 2037 1450 2093 et
1466 2027 1499 2092 in

243 2131 385 2214 propriis
410 2130 561 2196 formulis
585 2142 618 2197 et
643 2131 794 2196 terminis
820 2132 1110 2196 circumscribatur
1134 2152 1193 2215 per
1219 2141 1314 2196 actus
1344 2132 1500 2215 praecisos

243 2236 419 2318 potestatis
443 2236 595 2301 docentis
619 2236 653 2299 in
674 2234 803 2318 judicio
830 2236 971 2302 solemni
996 2237 1050 2322 (⁵),
1066 2238 1083 2302 i.
1109 2258 1135 2302 e.
1152 2239 1279 2303 —sive
1304 2236 1337 2302 iu
1359 2237 1501 2302 decretis

242 2359 333 2404 conc.
360 2340 568 2418 oecumenici,
592 2377 634 2390 —
659 2341 728 2405 sive
753 2340 786 2404 in
814 2341 1026 2406 documentis
1054 2340 1225 2407 Pontificis
1261 2362 1306 2406 ex
1340 2341 1499 2407 cathedra

243 2441 419 2526 loquentis.

288 2560 324 2612 2⁰
348 2549 494 2615 Ratione
501 2550 633 2630 sormoe,
649 2549 895 2634 propositiones
911 2550 1078 2615 solemnes
1094 2549 1310 2615 conciliorum
1326 2570 1445 2616 oecum.
1462 2559 1496 2614 et

246 2651 442 2717 Pontificum
459 2661 557 2717 erunt
573 2653 741 2736 bipartita³
754 2677 761 2717 :
776 2654 851 2718 alia
862 2663 940 2720 suut
954 2654 1139 2719 solemniter
1147 2654 1309 2732 solemnes,
1324 2654 1398 2718 aliae
1415 2654 1496 2719 dau·

243 2767 296 2821 tur
311 2757 344 2821 in
361 2756 573 2822 documentis
598 2757 708 2821 rninus
730 2757 932 2835 solemnibus,
958 2758 1193 2842 irrefragabilis
1216 2770 1328 2824 tamen
1354 2758 1497 2822 auctori·

242 2860 330 2926 tatis.

287 2966 470 3032 Distinctio
483 2968 566 3046 haec,
578 2968 630 3032 cui
644 2968 752 3052 reipsa
768 2966 993 3053 suffragantur
1008 2969 1156 3053 theologi
1166 2989 1293 3047 omnes,
1305 2969 1406 3035 etiam
1423 2987 1497 3032 ver·

243 3071 386 3136 botenus
412 3070 577 3156 profertur
603 3092 623 3136 a
649 3072 690 3139 cl.
716 3073 876 3156 theologo
900 3072 1081 3157 Schouppe
1106 3075 1139 3137 in
1168 3082 1248 3138 nota
1265 3072 1429 3138 manualis
1444 3070 1496 3136 sui

243 3173 321 3238 edit.
337 3172 495 3252 X11,vol.
514 3176 540 3253 I,
555 3197 585 3259 p.
603 3192 653 3254 29.

288 3278 407 3361 Itaque
433 3289 570 3344 vocatur
595 3278 748 3344 definitio
772 3280 924 3345 solemnis
947 3282 1133 3346 solemniter
1155 3280 1229 3346 aliis
1253 3282 1361 3346 verbis
1386 3280 1496 3364 magis

243 3381 394 3446 solemnis
409 3404 457 3463 ea,
469 3385 502 3447 in
519 3404 595 3466 qua,
610 3396 731 3468 praeter
745 3398 857 3452 actum
867 3386 1107 3471 jurisdictionis
1121 3389 1315 3453 necessariae
1325 3389 1496 3454 concomi-

244 3495 370 3550 tantem
388 3488 691 3572 promulgationem
708 3492 853 3574 supremi
871 3492 1062 3576 magisterii,
1078 3492 1228 3557 Ecclesia
1246 3512 1312 3557 non
1333 3492 1497 3576 implicite

245 3600 375 3654 tantum
392 3592 451 3656 sed
478 3592 638 3676 explicite
664 3595 851 3658 communis
877 3594 953 3660 fidei
978 3596 1166 3660 custodiam
1185 3598 1293 3661 sancit
1309 3595 1499 3660 solemniter

245 3697 353 3778 poenis
369 3697 610 3777 ecclesiasticis,
626 3709 662 3763 ut
678 3699 710 3762 in
728 3701 912 3765 canonibus
928 3702 1157 3784 dogmaticis(
1175 3704 1196 3784 ).

284 3872 305 3912 1.
327 3860 479 3930 Dalponte,
492 3879 518 3931 p.
536 3876 575 3929 14,
589 3874 665 3917 nota
678 3893 714 3903 —
727 3864 887 3935 Schouppe,
900 3866 1014 3935 Dogm,
1027 3877 1049 3921 t.
1065 3868 1086 3933 l,
1101 3877 1137 3921 tr.
1153 3867 1175 3935 1,
1188 3882 1250 3936 cap.
1265 3877 1297 3920 11.

281 3951 305 3990 2.
326 3938 478 4008 Dalponte,
491 3958 518 4011 p.
535 3956 576 4010 14,
589 3952 665 3998 nota.
679 3972 714 3982 -
735 3944 892 4013 Scheeben,
906 3963 932 4015 p.
954 3959 1013 4012 274
1028 3975 1060 3984 -
1081 3947 1169 4000 Cone.
1189 3944 1280 4000 Vatic.
1295 3943 1431 4000 Collectio
1446 3945 1500 4000 La·

245 4016 347 4084 censis,
361 4019 413 4073 col.
427 4033 480 4086 474
494 4050 526 4059 -
540 4021 609 4091 quid
621 4022 794 4092 intelligatur
806 4040 857 4093 per
869 4024 1084 4079 definitionem?

282 4109 306 4163 3.
327 4096 414 4151 Cone.
429 4099 520 4155 Vatic.
535 4100 636 4156 Const.
649 4101 707 4155 Dei
722 4102 828 4171 Filius,
840 4118 864 4157 c.
878 4118 903 4172 3.
924 4133 958 4143 -
977 4104 1130 4174 Dalponte,
1144 4119 1171 4174 p.
1191 4117 1229 4172 13.
1247 4133 1281 4142 -
1297 4103 1456 4173 Scheeben,
1477 4104 1502 4176 1,

245 4191 272 4244 p.
281 4177 339 4239 276.

282 4269 305 4318 4.
328 4254 452 4310 Vocatur
464 4259 502 4313 ab
523 4258 647 4328 Origene
660 4258 826 4330 praedicatio
848 4261 1054 4318 Ecclesiastica
1066 4278 1169 4333 nempe
1189 4261 1341 4317 manifesta
1354 4261 1454 4315 -Est
1469 4261 1500 4315 in

246 4332 380 4388 exercitio
392 4335 535 4392 ordinario
549 4348 576 4392 et
589 4339 713 4407 generali
728 4340 947 4411 praedicationis,
959 4352 1012 4398 etc.
1025 4371 1060 4382 -
1074 4342 1202 4410 Scheeb,
1217 4341 1240 4410 1,
1252 4359 1298 4413 pp.
1313 4356 1364 4408 277
1378 4351 1406 4396 et
1418 4353 1478 4410 300.

285 4424 308 4481 5.
329 4412 486 4485 Scheeben‚
502 4416 523 4485 1,
537 4434 563 4487 p.
578 4418 638 4484 278.

282 4491 308 4546 ό.
328 4492 351 4545 F
353 4494 484 4550 ranzelin.
497 4525 531 4534 -
548 4496 575 4549 T
571 4496 646 4551 luscs
657 4498 690 4552 de
701 4498 836 4567 Ecclesia,
857 4516 929 4570 opus
951 4502 1142 4572 posthumum,
1155 4502 1196 4556 th.
1210 4501 1244 4570 V,
1256 4517 1302 4572 pp.
1318 4499 1455 4570 54-57-78.
1468 4521 1503 4538 --

248 4571 265 4598 “
280 4569 366 4640 Hinc,
378 4583 408 4628 ut
431 4574 472 4629 ait
492 4575 556 4630 Van
571 4577 660 4645 Rooy,
678 4577 829 4649 explicatio
847 4580 1012 4649 canonistis,
1031 4591 1062 4637 ut
1089 4581 1207 4650 videtur,
1228 4578 1352 4635 maxime
1376 4578 1499 4649 propria,

248 4650 336 4707 fertur
347 4660 456 4707 tantum
470 4654 546 4710 circa
557 4655 628 4710 istas
639 4655 820 4713 definitiones
826 4655 843 4728 (
843 4659 977 4713 solemnes
982 4659 1160 4730 solernm'ter)
1168 4659 1281 4715 habitas
1290 4658 1368 4731 quod
1378 4673 1482 4729 nempe
1493 4673 1501 4712 ι
