<?xml version="1.0" encoding="UTF-8"?>
<!DOCTYPE html PUBLIC "-//W3C//DTD XHTML 1.0 Transitional//EN"
    "http://www.w3.org/TR/xhtml1/DTD/xhtml1-transitional.dtd">
<html xmlns="http://www.w3.org/1999/xhtml" xml:lang="en" lang="en">
 <head>
  <title>
</title>
<meta http-equiv="Content-Type" content="text/html;charset=utf-8" />
  <meta name='ocr-system' content='tesseract 3.04.00' />
  <meta name='ocr-capabilities' content='ocr_page ocr_carea ocr_par ocr_line ocrx_word'/>
</head>
<body>
  <div class='ocr_page' id='page_1' title='image "./papasitrexromae00godtgoog/papasitrexromae00godtgoog_0099.png"; bbox 0 0 3496 5482; ppageno 0'>
   <div class='ocr_carea' id='block_1_1' title="bbox 316 547 1166 622">
    <p class='ocr_par' dir='ltr' id='par_1_1' title="bbox 316 547 1166 622">
     <span class='ocr_line' id='line_1_1' title="bbox 316 547 1166 622; baseline 0.002 -2"><span class='ocrx_word' id='word_1_1' title='bbox 316 547 364 620; x_wconf 88' lang='lat'>86</span> <span class='ocrx_word' id='word_1_2' title='bbox 729 569 824 622; x_wconf 75' lang='lat' dir='ltr'>enan</span> <span class='ocrx_word' id='word_1_3' title='bbox 850 570 910 621; x_wconf 82' lang='lat' dir='ltr'>str</span> <span class='ocrx_word' id='word_1_4' title='bbox 935 571 1011 621; x_wconf 76' lang='lat' dir='ltr'>nex</span> <span class='ocrx_word' id='word_1_5' title='bbox 1040 571 1166 622; x_wconf 80' lang='lat' dir='ltr'><strong>ROMAE.</strong></span> 
     </span>
    </p>
   </div>
   <div class='ocr_carea' id='block_1_2' title="bbox 314 729 1576 3809">
    <p class='ocr_par' dir='ltr' id='par_1_2' title="bbox 317 729 1576 948">
     <span class='ocr_line' id='line_1_2' title="bbox 327 729 1576 829; baseline 0.005 -27"><span class='ocrx_word' id='word_1_6' title='bbox 327 753 411 826; x_wconf 88' lang='lat' dir='ltr'>quae</span> <span class='ocrx_word' id='word_1_7' title='bbox 430 729 478 803; x_wconf 90' lang='lat' dir='ltr'>ad</span> <span class='ocrx_word' id='word_1_8' title='bbox 504 729 706 828; x_wconf 86' lang='lat' dir='ltr'>regendam</span> <span class='ocrx_word' id='word_1_9' title='bbox 725 754 853 804; x_wconf 89' lang='lat' dir='ltr'>veram</span> <span class='ocrx_word' id='word_1_10' title='bbox 878 729 1260 829; x_wconf 81' lang='lat' dir='ltr'>perfectissimamque</span> <span class='ocrx_word' id='word_1_11' title='bbox 1277 732 1495 807; x_wconf 91' lang='lat' dir='ltr'>societatem</span> <span class='ocrx_word' id='word_1_12' title='bbox 1522 758 1576 808; x_wconf 91' lang='lat' dir='ltr'>re·</span> 
     </span>
     <span class='ocr_line' id='line_1_3' title="bbox 317 849 536 948; baseline 0.005 -25"><span class='ocrx_word' id='word_1_13' title='bbox 317 849 536 948; x_wconf 92' lang='lat' dir='ltr'>quiruntur;</span> 
     </span>
    </p>

    <p class='ocr_par' dir='ltr' id='par_1_3' title="bbox 319 953 1574 1307">
     <span class='ocr_line' id='line_1_4' title="bbox 378 953 1574 1067; baseline -0.001 -23"><span class='ocrx_word' id='word_1_14' title='bbox 378 1013 430 1052; x_wconf 67' lang='lat'>—,</span> <span class='ocrx_word' id='word_1_15' title='bbox 448 994 523 1044; x_wconf 93' lang='lat' dir='ltr'>non</span> <span class='ocrx_word' id='word_1_16' title='bbox 553 987 686 1067; x_wconf 92' lang='lat' dir='ltr'>potest,</span> <span class='ocrx_word' id='word_1_17' title='bbox 721 988 799 1045; x_wconf 90' lang='lat' dir='ltr'>tum</span> <span class='ocrx_word' id='word_1_18' title='bbox 817 969 868 1044; x_wconf 94' lang='lat' dir='ltr'>ob</span> <span class='ocrx_word' id='word_1_19' title='bbox 893 986 1062 1043; x_wconf 88' lang='lat' dir='ltr'>naturam</span> <span class='ocrx_word' id='word_1_20' title='bbox 1080 969 1148 1057; x_wconf 91' lang='lat' dir='ltr'>sui,</span> <span class='ocrx_word' id='word_1_21' title='bbox 1170 986 1246 1044; x_wconf 93' lang='lat' dir='ltr'>tum</span> <span class='ocrx_word' id='word_1_22' title='bbox 1279 968 1328 1043; x_wconf 93' lang='lat' dir='ltr'>ob</span> <span class='ocrx_word' id='word_1_23' title='bbox 1359 953 1574 1067; x_wconf 75' lang='lat' dir='ltr'>expressam</span> 
     </span>
     <span class='ocr_line' id='line_1_5' title="bbox 327 1085 1574 1185; baseline 0.001 -24"><span class='ocrx_word' id='word_1_24' title='bbox 327 1086 444 1162; x_wconf 89' lang='lat' dir='ltr'>divini</span> <span class='ocrx_word' id='word_1_25' title='bbox 462 1088 649 1185; x_wconf 92' lang='lat' dir='ltr'>suiipsius</span> <span class='ocrx_word' id='word_1_26' title='bbox 670 1087 897 1163; x_wconf 88' lang='lat' dir='ltr'>Fundatoris</span> <span class='ocrx_word' id='word_1_27' title='bbox 922 1085 1162 1174; x_wconf 88' lang='lat' dir='ltr'>voluntatem,</span> <span class='ocrx_word' id='word_1_28' title='bbox 1183 1088 1355 1162; x_wconf 86' lang='lat' dir='ltr'>humanae</span> <span class='ocrx_word' id='word_1_29' title='bbox 1369 1088 1519 1164; x_wconf 86' lang='lat' dir='ltr'>cuilibet</span> <span class='ocrx_word' id='word_1_30' title='bbox 1538 1089 1574 1162; x_wconf 92' lang='lat' dir='ltr'>in</span> 
     </span>
     <span class='ocr_line' id='line_1_6' title="bbox 319 1209 993 1307; baseline 0 -25"><span class='ocrx_word' id='word_1_31' title='bbox 319 1209 426 1283; x_wconf 86' lang='lat' dir='ltr'>terris</span> <span class='ocrx_word' id='word_1_32' title='bbox 441 1211 617 1307; x_wconf 85' lang='lat' dir='ltr'>potestati</span> <span class='ocrx_word' id='word_1_33' title='bbox 632 1211 788 1286; x_wconf 89' lang='lat' dir='ltr'>subesse</span> <span class='ocrx_word' id='word_1_34' title='bbox 805 1234 969 1307; x_wconf 92' lang='lat' dir='ltr'>unquam</span> <span class='ocrx_word' id='word_1_35' title='bbox 985 1235 993 1294; x_wconf 93' lang='lat'>;</span> 
     </span>
    </p>

    <p class='ocr_par' dir='ltr' id='par_1_4' title="bbox 318 1327 1573 1550">
     <span class='ocr_line' id='line_1_7' title="bbox 366 1327 1573 1430; baseline 0 -28"><span class='ocrx_word' id='word_1_36' title='bbox 366 1328 549 1405; x_wconf 89' lang='lat' dir='ltr'>-debet</span> <span class='ocrx_word' id='word_1_37' title='bbox 574 1330 611 1404; x_wconf 92' lang='lat' dir='ltr'>in</span> <span class='ocrx_word' id='word_1_38' title='bbox 640 1327 765 1404; x_wconf 86' lang='lat' dir='ltr'>Officii</span> <span class='ocrx_word' id='word_1_39' title='bbox 793 1327 850 1402; x_wconf 92' lang='lat' dir='ltr'>sui</span> <span class='ocrx_word' id='word_1_40' title='bbox 875 1328 1091 1402; x_wconf 88' lang='lat' dir='ltr'>muneribus</span> <span class='ocrx_word' id='word_1_41' title='bbox 1121 1328 1321 1430; x_wconf 84' lang='lat' dir='ltr'>fungendis</span> <span class='ocrx_word' id='word_1_42' title='bbox 1345 1327 1573 1426; x_wconf 87' lang='lat' dir='ltr'>amplissima</span> 
     </span>
     <span class='ocr_line' id='line_1_8' title="bbox 318 1446 662 1550; baseline 0.015 -30"><span class='ocrx_word' id='word_1_43' title='bbox 318 1446 386 1522; x_wconf 90' lang='lat' dir='ltr'>Irui</span> <span class='ocrx_word' id='word_1_44' title='bbox 405 1447 577 1525; x_wconf 89' lang='lat' dir='ltr'>libertate</span> <span class='ocrx_word' id='word_1_45' title='bbox 595 1447 639 1550; x_wconf 85' lang='lat'>(¹)</span> <span class='ocrx_word' id='word_1_46' title='bbox 654 1479 662 1537; x_wconf 86' lang='lat'>;</span> 
     </span>
    </p>

    <p class='ocr_par' dir='ltr' id='par_1_5' title="bbox 328 1565 1572 1785">
     <span class='ocr_line' id='line_1_9' title="bbox 363 1565 1572 1665; baseline 0.002 -26"><span class='ocrx_word' id='word_1_47' title='bbox 363 1565 552 1642; x_wconf 92' lang='lat' dir='ltr'>-libera</span> <span class='ocrx_word' id='word_1_48' title='bbox 580 1586 706 1643; x_wconf 90' lang='lat' dir='ltr'>autem</span> <span class='ocrx_word' id='word_1_49' title='bbox 733 1593 817 1643; x_wconf 89' lang='lat' dir='ltr'>esse</span> <span class='ocrx_word' id='word_1_50' title='bbox 846 1592 920 1642; x_wconf 97' lang='lat' dir='ltr'>non</span> <span class='ocrx_word' id='word_1_51' title='bbox 952 1585 1076 1665; x_wconf 91' lang='lat' dir='ltr'>potest</span> <span class='ocrx_word' id='word_1_52' title='bbox 1106 1567 1174 1641; x_wconf 93' lang='lat' dir='ltr'>nisi</span> <span class='ocrx_word' id='word_1_53' title='bbox 1204 1568 1241 1641; x_wconf 94' lang='lat' dir='ltr'>in</span> <span class='ocrx_word' id='word_1_54' title='bbox 1270 1591 1444 1664; x_wconf 89' lang='lat' dir='ltr'>suprema</span> <span class='ocrx_word' id='word_1_55' title='bbox 1474 1565 1572 1642; x_wconf 91' lang='lat' dir='ltr'>civili</span> 
     </span>
     <span class='ocr_line' id='line_1_10' title="bbox 328 1683 1084 1785; baseline 0.003 -28"><span class='ocrx_word' id='word_1_56' title='bbox 328 1683 521 1761; x_wconf 90' lang='lat' dir='ltr'>Potestate</span> <span class='ocrx_word' id='word_1_57' title='bbox 538 1687 572 1761; x_wconf 91' lang='lat' dir='ltr'>ei</span> <span class='ocrx_word' id='word_1_58' title='bbox 591 1685 912 1785; x_wconf 89' lang='lat' dir='ltr'>providentialiter</span> <span class='ocrx_word' id='word_1_59' title='bbox 929 1686 1084 1771; x_wconf 88' lang='lat' dir='ltr'>collata;</span> 
     </span>
    </p>

    <p class='ocr_par' dir='ltr' id='par_1_6' title="bbox 317 1802 1574 2262">
     <span class='ocr_line' id='line_1_11' title="bbox 378 1802 1573 1902; baseline 0.002 -27"><span class='ocrx_word' id='word_1_60' title='bbox 378 1802 482 1902; x_wconf 85' lang='lat' dir='ltr'>Ergo</span> <span class='ocrx_word' id='word_1_61' title='bbox 500 1825 629 1881; x_wconf 91' lang='lat' dir='ltr'>sancta</span> <span class='ocrx_word' id='word_1_62' title='bbox 648 1825 705 1881; x_wconf 92' lang='lat' dir='ltr'>est</span> <span class='ocrx_word' id='word_1_63' title='bbox 724 1824 854 1880; x_wconf 92' lang='lat' dir='ltr'>natura</span> <span class='ocrx_word' id='word_1_64' title='bbox 873 1831 940 1879; x_wconf 93' lang='lat' dir='ltr'>sua</span> <span class='ocrx_word' id='word_1_65' title='bbox 957 1804 1076 1878; x_wconf 89' lang='lat' dir='ltr'>civilis</span> <span class='ocrx_word' id='word_1_66' title='bbox 1095 1803 1175 1878; x_wconf 83' lang='lat' dir='ltr'>haec</span> <span class='ocrx_word' id='word_1_67' title='bbox 1195 1804 1368 1878; x_wconf 89' lang='lat' dir='ltr'>Potestas</span> <span class='ocrx_word' id='word_1_68' title='bbox 1396 1805 1573 1902; x_wconf 87' lang='lat' dir='ltr'>quemad·</span> 
     </span>
     <span class='ocr_line' id='line_1_12' title="bbox 318 1922 1574 2021; baseline 0 -27"><span class='ocrx_word' id='word_1_69' title='bbox 318 1922 470 1995; x_wconf 92' lang='lat' dir='ltr'>modum</span> <span class='ocrx_word' id='word_1_70' title='bbox 501 1942 630 1999; x_wconf 91' lang='lat' dir='ltr'>sancta</span> <span class='ocrx_word' id='word_1_71' title='bbox 658 1942 715 1999; x_wconf 90' lang='lat' dir='ltr'>est</span> <span class='ocrx_word' id='word_1_72' title='bbox 749 1923 928 2009; x_wconf 85' lang='lat' dir='ltr'>Ecclesia,</span> <span class='ocrx_word' id='word_1_73' title='bbox 950 1922 1179 1997; x_wconf 88' lang='lat' dir='ltr'>sanctificata</span> <span class='ocrx_word' id='word_1_74' title='bbox 1207 1922 1390 2021; x_wconf 86' lang='lat' dir='ltr'>sanguine</span> <span class='ocrx_word' id='word_1_75' title='bbox 1422 1939 1460 1997; x_wconf 90' lang='lat' dir='ltr'>et</span> <span class='ocrx_word' id='word_1_76' title='bbox 1491 1948 1574 2020; x_wconf 86' lang='lat' dir='ltr'>per-</span> 
     </span>
     <span class='ocr_line' id='line_1_13' title="bbox 319 2043 1573 2141; baseline 0.002 -25"><span class='ocrx_word' id='word_1_77' title='bbox 319 2061 495 2120; x_wconf 88' lang='lat' dir='ltr'>manente</span> <span class='ocrx_word' id='word_1_78' title='bbox 514 2046 707 2120; x_wconf 88' lang='lat' dir='ltr'>mansione</span> <span class='ocrx_word' id='word_1_79' title='bbox 726 2046 762 2120; x_wconf 92' lang='lat' dir='ltr'>in</span> <span class='ocrx_word' id='word_1_80' title='bbox 781 2071 826 2120; x_wconf 90' lang='lat' dir='ltr'>ea</span> <span class='ocrx_word' id='word_1_81' title='bbox 846 2044 984 2119; x_wconf 85' lang='lat' dir='ltr'>Christi</span> <span class='ocrx_word' id='word_1_82' title='bbox 1009 2044 1175 2129; x_wconf 90' lang='lat' dir='ltr'>Domini,</span> <span class='ocrx_word' id='word_1_83' title='bbox 1196 2043 1259 2141; x_wconf 92' lang='lat' dir='ltr'>qui</span> <span class='ocrx_word' id='word_1_84' title='bbox 1278 2046 1573 2119; x_wconf 90' lang='lat' dir='ltr'>autonomastice</span> 
     </span>
     <span class='ocr_line' id='line_1_14' title="bbox 317 2161 1217 2262; baseline 0.003 -29"><span class='ocrx_word' id='word_1_85' title='bbox 317 2179 472 2237; x_wconf 91' lang='lat' dir='ltr'>vocatus</span> <span class='ocrx_word' id='word_1_86' title='bbox 486 2180 545 2238; x_wconf 91' lang='lat' dir='ltr'>est</span> <span class='ocrx_word' id='word_1_87' title='bbox 562 2164 610 2238; x_wconf 92' lang='lat' dir='ltr'>ab</span> <span class='ocrx_word' id='word_1_88' title='bbox 628 2161 764 2262; x_wconf 87' lang='lat' dir='ltr'>angelo</span> <span class='ocrx_word' id='word_1_89' title='bbox 783 2161 936 2239; x_wconf 91' lang='lat' dir='ltr'>Gabriel</span> <span class='ocrx_word' id='word_1_90' title='bbox 953 2173 971 2202; x_wconf 91' lang='grc'>“</span> <span class='ocrx_word' id='word_1_91' title='bbox 989 2162 1167 2237; x_wconf 90' lang='lat' dir='ltr'>Sanctum</span> <span class='ocrx_word' id='word_1_92' title='bbox 1188 2162 1217 2236; x_wconf 88' lang='lat'>&#39;&#39;.</span> 
     </span>
    </p>

    <p class='ocr_par' dir='ltr' id='par_1_7' title="bbox 314 2279 1575 3462">
     <span class='ocr_line' id='line_1_15' title="bbox 365 2279 1574 2379; baseline 0.002 -27"><span class='ocrx_word' id='word_1_93' title='bbox 365 2291 400 2353; x_wconf 92' lang='lat'>2.</span> <span class='ocrx_word' id='word_1_94' title='bbox 429 2280 545 2356; x_wconf 89' lang='lat' dir='ltr'>Sacra</span> <span class='ocrx_word' id='word_1_95' title='bbox 572 2298 632 2357; x_wconf 91' lang='lat' dir='ltr'>est</span> <span class='ocrx_word' id='word_1_96' title='bbox 659 2282 849 2379; x_wconf 92' lang='lat' dir='ltr'>possessio</span> <span class='ocrx_word' id='word_1_97' title='bbox 881 2279 1096 2379; x_wconf 87' lang='lat' dir='ltr'>temporalis</span> <span class='ocrx_word' id='word_1_98' title='bbox 1124 2280 1292 2355; x_wconf 92' lang='lat' dir='ltr'>Dominii</span> <span class='ocrx_word' id='word_1_99' title='bbox 1322 2280 1502 2356; x_wconf 82' lang='lat' dir='ltr'>Ecclesiae</span> <span class='ocrx_word' id='word_1_100' title='bbox 1536 2299 1574 2356; x_wconf 93' lang='lat' dir='ltr'>et</span> 
     </span>
     <span class='ocr_line' id='line_1_16' title="bbox 317 2395 1571 2495; baseline 0.001 -24"><span class='ocrx_word' id='word_1_101' title='bbox 317 2395 554 2474; x_wconf 89' lang='lat' dir='ltr'>immaculata</span> <span class='ocrx_word' id='word_1_102' title='bbox 583 2401 619 2474; x_wconf 92' lang='lat' dir='ltr'>in</span> <span class='ocrx_word' id='word_1_103' title='bbox 650 2418 734 2475; x_wconf 92' lang='lat' dir='ltr'>ortu</span> <span class='ocrx_word' id='word_1_104' title='bbox 761 2425 840 2484; x_wconf 90' lang='lat' dir='ltr'>suo,</span> <span class='ocrx_word' id='word_1_105' title='bbox 873 2426 957 2473; x_wconf 93' lang='lat' dir='ltr'>cum</span> <span class='ocrx_word' id='word_1_106' title='bbox 990 2399 1141 2482; x_wconf 88' lang='lat' dir='ltr'>etenim,</span> <span class='ocrx_word' id='word_1_107' title='bbox 1171 2398 1223 2471; x_wconf 91' lang='lat' dir='ltr'>uti</span> <span class='ocrx_word' id='word_1_108' title='bbox 1255 2424 1367 2495; x_wconf 90' lang='lat' dir='ltr'>supra</span> <span class='ocrx_word' id='word_1_109' title='bbox 1398 2398 1571 2486; x_wconf 91' lang='lat' dir='ltr'>vidimus,</span> 
     </span>
     <span class='ocr_line' id='line_1_17' title="bbox 324 2518 1575 2620; baseline 0.001 -28"><span class='ocrx_word' id='word_1_110' title='bbox 324 2519 540 2595; x_wconf 87' lang='lat' dir='ltr'>Donatores</span> <span class='ocrx_word' id='word_1_111' title='bbox 559 2523 640 2620; x_wconf 90' lang='lat' dir='ltr'>ejus</span> <span class='ocrx_word' id='word_1_112' title='bbox 658 2522 784 2618; x_wconf 87' lang='lat' dir='ltr'>expia</span> <span class='ocrx_word' id='word_1_113' title='bbox 802 2538 840 2596; x_wconf 92' lang='lat' dir='ltr'>et</span> <span class='ocrx_word' id='word_1_114' title='bbox 868 2546 970 2595; x_wconf 89' lang='lat' dir='ltr'>mere</span> <span class='ocrx_word' id='word_1_115' title='bbox 989 2518 1163 2617; x_wconf 86' lang='lat' dir='ltr'>religiosa</span> <span class='ocrx_word' id='word_1_116' title='bbox 1187 2518 1400 2593; x_wconf 89' lang='lat' dir='ltr'>intentione</span> <span class='ocrx_word' id='word_1_117' title='bbox 1429 2520 1575 2618; x_wconf 83' lang='lat' dir='ltr'>egerint</span> 
     </span>
     <span class='ocr_line' id='line_1_18' title="bbox 319 2636 1575 2737; baseline 0.001 -25"><span class='ocrx_word' id='word_1_118' title='bbox 319 2636 356 2712; x_wconf 93' lang='lat' dir='ltr'>in</span> <span class='ocrx_word' id='word_1_119' title='bbox 385 2639 578 2715; x_wconf 81' lang='lat' dir='ltr'>offerendo</span> <span class='ocrx_word' id='word_1_120' title='bbox 609 2640 716 2715; x_wconf 90' lang='lat' dir='ltr'>villas</span> <span class='ocrx_word' id='word_1_121' title='bbox 747 2657 785 2715; x_wconf 88' lang='lat' dir='ltr'>et</span> <span class='ocrx_word' id='word_1_122' title='bbox 815 2640 1073 2737; x_wconf 90' lang='lat' dir='ltr'>possessiones</span> <span class='ocrx_word' id='word_1_123' title='bbox 1106 2640 1366 2715; x_wconf 86' lang='lat' dir='ltr'>consecrando</span> <span class='ocrx_word' id='word_1_124' title='bbox 1387 2639 1427 2712; x_wconf 92' lang='lat' dir='ltr'>B.</span> <span class='ocrx_word' id='word_1_125' title='bbox 1453 2640 1575 2724; x_wconf 90' lang='lat' dir='ltr'>Petro,</span> 
     </span>
     <span class='ocr_line' id='line_1_19' title="bbox 318 2755 1572 2858; baseline 0 -27"><span class='ocrx_word' id='word_1_126' title='bbox 318 2755 507 2858; x_wconf 85' lang='lat' dir='ltr'>clavigero</span> <span class='ocrx_word' id='word_1_127' title='bbox 525 2759 619 2846; x_wconf 87' lang='lat' dir='ltr'>coeli,</span> <span class='ocrx_word' id='word_1_128' title='bbox 641 2761 779 2838; x_wconf 91' lang='lat' dir='ltr'>vicario</span> <span class='ocrx_word' id='word_1_129' title='bbox 797 2759 949 2846; x_wconf 87' lang='lat' dir='ltr'>Christi,</span> <span class='ocrx_word' id='word_1_130' title='bbox 970 2760 1005 2832; x_wconf 94' lang='lat' dir='ltr'>in</span> <span class='ocrx_word' id='word_1_131' title='bbox 1030 2784 1191 2855; x_wconf 90' lang='lat' dir='ltr'>persona</span> <span class='ocrx_word' id='word_1_132' title='bbox 1215 2758 1351 2833; x_wconf 92' lang='lat' dir='ltr'>summi</span> <span class='ocrx_word' id='word_1_133' title='bbox 1373 2757 1572 2844; x_wconf 87' lang='lat' dir='ltr'>Pontificis,</span> 
     </span>
     <span class='ocr_line' id='line_1_20' title="bbox 315 2875 1573 2978; baseline 0.001 -27"><span class='ocrx_word' id='word_1_134' title='bbox 315 2875 377 2952; x_wconf 88' lang='lat' dir='ltr'>vel</span> <span class='ocrx_word' id='word_1_135' title='bbox 410 2879 646 2954; x_wconf 91' lang='lat' dir='ltr'>convolando</span> <span class='ocrx_word' id='word_1_136' title='bbox 676 2881 723 2955; x_wconf 90' lang='lat' dir='ltr'>ad</span> <span class='ocrx_word' id='word_1_137' title='bbox 759 2879 857 2955; x_wconf 91' lang='lat' dir='ltr'>hunc</span> <span class='ocrx_word' id='word_1_138' title='bbox 889 2899 1080 2978; x_wconf 89' lang='lat' dir='ltr'>tamquam</span> <span class='ocrx_word' id='word_1_139' title='bbox 1112 2878 1159 2952; x_wconf 92' lang='lat' dir='ltr'>ad</span> <span class='ocrx_word' id='word_1_140' title='bbox 1195 2879 1354 2965; x_wconf 90' lang='lat' dir='ltr'>Patrem,</span> <span class='ocrx_word' id='word_1_141' title='bbox 1384 2896 1573 2976; x_wconf 90' lang='lat' dir='ltr'>tamquam</span> 
     </span>
     <span class='ocr_line' id='line_1_21' title="bbox 316 2997 1571 3100; baseline 0.002 -29"><span class='ocrx_word' id='word_1_142' title='bbox 316 2997 364 3070; x_wconf 90' lang='lat' dir='ltr'>ad</span> <span class='ocrx_word' id='word_1_143' title='bbox 382 2998 573 3074; x_wconf 90' lang='lat' dir='ltr'>coelestem</span> <span class='ocrx_word' id='word_1_144' title='bbox 595 3002 849 3077; x_wconf 91' lang='lat' dir='ltr'>Protectorem</span> <span class='ocrx_word' id='word_1_145' title='bbox 870 3028 937 3100; x_wconf 87' lang='lat' dir='ltr'>pro</span> <span class='ocrx_word' id='word_1_146' title='bbox 969 3000 1084 3077; x_wconf 87' lang='lat' dir='ltr'>tutela</span> <span class='ocrx_word' id='word_1_147' title='bbox 1113 3018 1241 3074; x_wconf 86' lang='lat' dir='ltr'>contra</span> <span class='ocrx_word' id='word_1_148' title='bbox 1273 3000 1442 3073; x_wconf 92' lang='lat' dir='ltr'>inimicos</span> <span class='ocrx_word' id='word_1_149' title='bbox 1473 3025 1571 3074; x_wconf 91' lang='lat' dir='ltr'>suos.</span> 
     </span>
     <span class='ocr_line' id='line_1_22' title="bbox 318 3115 1572 3221; baseline 0.002 -30"><span class='ocrx_word' id='word_1_150' title='bbox 318 3115 377 3191; x_wconf 84' lang='lat' dir='ltr'>Ex</span> <span class='ocrx_word' id='word_1_151' title='bbox 398 3139 526 3195; x_wconf 90' lang='lat' dir='ltr'>sancta</span> <span class='ocrx_word' id='word_1_152' title='bbox 544 3147 646 3221; x_wconf 85' lang='lat' dir='ltr'>erg0,</span> <span class='ocrx_word' id='word_1_153' title='bbox 668 3124 728 3219; x_wconf 93' lang='lat' dir='ltr'>pia</span> <span class='ocrx_word' id='word_1_154' title='bbox 747 3141 784 3197; x_wconf 89' lang='lat' dir='ltr'>et</span> <span class='ocrx_word' id='word_1_155' title='bbox 808 3123 1009 3196; x_wconf 89' lang='lat' dir='ltr'>christiana</span> <span class='ocrx_word' id='word_1_156' title='bbox 1039 3122 1249 3196; x_wconf 88' lang='lat' dir='ltr'>intentione</span> <span class='ocrx_word' id='word_1_157' title='bbox 1279 3119 1572 3195; x_wconf 88' lang='lat' dir='ltr'>christifidelium</span> 
     </span>
     <span class='ocr_line' id='line_1_23' title="bbox 314 3238 1574 3338; baseline 0.003 -28"><span class='ocrx_word' id='word_1_158' title='bbox 314 3257 496 3336; x_wconf 87' lang='lat' dir='ltr'>concepta</span> <span class='ocrx_word' id='word_1_159' title='bbox 526 3241 600 3314; x_wconf 89' lang='lat' dir='ltr'>imo</span> <span class='ocrx_word' id='word_1_160' title='bbox 631 3259 669 3315; x_wconf 92' lang='lat' dir='ltr'>et</span> <span class='ocrx_word' id='word_1_161' title='bbox 700 3260 780 3315; x_wconf 90' lang='lat' dir='ltr'>orta</span> <span class='ocrx_word' id='word_1_162' title='bbox 812 3260 868 3317; x_wconf 89' lang='lat' dir='ltr'>est</span> <span class='ocrx_word' id='word_1_163' title='bbox 897 3242 1088 3338; x_wconf 89' lang='lat' dir='ltr'>possessio</span> <span class='ocrx_word' id='word_1_164' title='bbox 1107 3238 1323 3336; x_wconf 87' lang='lat' dir='ltr'>temporalis</span> <span class='ocrx_word' id='word_1_165' title='bbox 1346 3238 1385 3314; x_wconf 83' lang='lat' dir='ltr'>S.</span> <span class='ocrx_word' id='word_1_166' title='bbox 1407 3238 1518 3314; x_wconf 88' lang='lat' dir='ltr'>Sedis</span> <span class='ocrx_word' id='word_1_167' title='bbox 1537 3256 1574 3314; x_wconf 90' lang='lat' dir='ltr'>et</span> 
     </span>
     <span class='ocr_line' id='line_1_24' title="bbox 314 3359 1313 3462; baseline 0.006 -31"><span class='ocrx_word' id='word_1_168' title='bbox 314 3360 493 3436; x_wconf 91' lang='lat' dir='ltr'>continuo</span> <span class='ocrx_word' id='word_1_169' title='bbox 511 3387 653 3437; x_wconf 89' lang='lat' dir='ltr'>sacram</span> <span class='ocrx_word' id='word_1_170' title='bbox 673 3365 828 3462; x_wconf 84' lang='lat' dir='ltr'>originis</span> <span class='ocrx_word' id='word_1_171' title='bbox 846 3381 1026 3438; x_wconf 90' lang='lat' dir='ltr'>tesseram</span> <span class='ocrx_word' id='word_1_172' title='bbox 1046 3361 1238 3459; x_wconf 67' lang='lat' dir='ltr'>praesefert</span> <span class='ocrx_word' id='word_1_173' title='bbox 1258 3359 1313 3460; x_wconf 81' lang='lat'><strong>(²).</strong></span> 
     </span>
    </p>

    <p class='ocr_par' dir='ltr' id='par_1_8' title="bbox 314 3478 1574 3809">
     <span class='ocr_line' id='line_1_25' title="bbox 364 3478 1574 3578; baseline 0 -27"><span class='ocrx_word' id='word_1_174' title='bbox 364 3478 538 3553; x_wconf 92' lang='lat' dir='ltr'>Vicissim</span> <span class='ocrx_word' id='word_1_175' title='bbox 565 3500 818 3578; x_wconf 87' lang='lat' dir='ltr'>acceptatores</span> <span class='ocrx_word' id='word_1_176' title='bbox 851 3481 1050 3556; x_wconf 88' lang='lat' dir='ltr'>Pontifices</span> <span class='ocrx_word' id='word_1_177' title='bbox 1082 3499 1210 3554; x_wconf 90' lang='lat' dir='ltr'>sancte</span> <span class='ocrx_word' id='word_1_178' title='bbox 1240 3496 1401 3577; x_wconf 83' lang='lat' dir='ltr'>egerunt</span> <span class='ocrx_word' id='word_1_179' title='bbox 1433 3479 1574 3577; x_wconf 87' lang='lat' dir='ltr'>quippe</span> 
     </span>
     <span class='ocr_line' id='line_1_26' title="bbox 314 3598 1574 3701; baseline 0 -30"><span class='ocrx_word' id='word_1_180' title='bbox 314 3599 377 3694; x_wconf 92' lang='lat' dir='ltr'>qui</span> <span class='ocrx_word' id='word_1_181' title='bbox 413 3602 491 3696; x_wconf 87' lang='lat' dir='ltr'>pari</span> <span class='ocrx_word' id='word_1_182' title='bbox 533 3602 749 3687; x_wconf 89' lang='lat' dir='ltr'>intentione,</span> <span class='ocrx_word' id='word_1_183' title='bbox 793 3629 1030 3701; x_wconf 87' lang='lat' dir='ltr'>nequaquam</span> <span class='ocrx_word' id='word_1_184' title='bbox 1076 3627 1167 3676; x_wconf 90' lang='lat' dir='ltr'>vero</span> <span class='ocrx_word' id='word_1_185' title='bbox 1210 3598 1430 3674; x_wconf 92' lang='lat' dir='ltr'>dominandi</span> <span class='ocrx_word' id='word_1_186' title='bbox 1475 3598 1574 3695; x_wconf 92' lang='lat' dir='ltr'>cupi-</span> 
     </span>
     <span class='ocr_line' id='line_1_27' title="bbox 314 3719 1573 3809; baseline 0 -16"><span class='ocrx_word' id='word_1_187' title='bbox 314 3719 402 3795; x_wconf 90' lang='lat' dir='ltr'>dine</span> <span class='ocrx_word' id='word_1_188' title='bbox 428 3722 582 3809; x_wconf 90' lang='lat' dir='ltr'>seducti,</span> <span class='ocrx_word' id='word_1_189' title='bbox 604 3723 671 3798; x_wconf 89' lang='lat' dir='ltr'>sed</span> <span class='ocrx_word' id='word_1_190' title='bbox 690 3742 729 3799; x_wconf 95' lang='lat' dir='ltr'>ut</span> <span class='ocrx_word' id='word_1_191' title='bbox 748 3725 921 3799; x_wconf 87' lang='lat' dir='ltr'>omnibus</span> <span class='ocrx_word' id='word_1_192' title='bbox 951 3742 1077 3799; x_wconf 90' lang='lat' dir='ltr'>essent</span> <span class='ocrx_word' id='word_1_193' title='bbox 1109 3723 1244 3806; x_wconf 94' lang='lat' dir='ltr'>omnia,</span> <span class='ocrx_word' id='word_1_194' title='bbox 1267 3746 1334 3795; x_wconf 90' lang='lat' dir='ltr'>ceu</span> <span class='ocrx_word' id='word_1_195' title='bbox 1366 3719 1443 3794; x_wconf 87' lang='lat' dir='ltr'>veri</span> <span class='ocrx_word' id='word_1_196' title='bbox 1475 3719 1573 3794; x_wconf 88' lang='lat' dir='ltr'>servi</span> 
     </span>
    </p>
   </div>
   <div class='ocr_carea' id='block_1_3' title="bbox 313 3936 1575 4249">
    <p class='ocr_par' dir='ltr' id='par_1_9' title="bbox 353 3936 1087 4009">
     <span class='ocr_line' id='line_1_28' title="bbox 353 3936 1087 4009; baseline 0.004 -21"><span class='ocrx_word' id='word_1_197' title='bbox 353 3948 373 3988; x_wconf 88' lang='lat'>1.</span> <span class='ocrx_word' id='word_1_198' title='bbox 390 3936 447 3989; x_wconf 89' lang='lat' dir='ltr'>Leo</span> <span class='ocrx_word' id='word_1_199' title='bbox 458 3938 533 3991; x_wconf 83' lang='lat' dir='ltr'><strong>XIII</strong></span> <span class='ocrx_word' id='word_1_200' title='bbox 544 3938 580 3992; x_wconf 96' lang='lat' dir='ltr'>ad</span> <span class='ocrx_word' id='word_1_201' title='bbox 595 3939 679 3993; x_wconf 89' lang='lat' dir='ltr'>Card.</span> <span class='ocrx_word' id='word_1_202' title='bbox 695 3941 856 4008; x_wconf 87' lang='lat' dir='ltr'>Rampolla,</span> <span class='ocrx_word' id='word_1_203' title='bbox 873 3939 993 4009; x_wconf 80' lang='lat' dir='ltr'>15Junii</span> <span class='ocrx_word' id='word_1_204' title='bbox 1011 3939 1087 4004; x_wconf 89' lang='lat'>1887.</span> 
     </span>
    </p>

    <p class='ocr_par' dir='ltr' id='par_1_10' title="bbox 313 4014 1575 4249">
     <span class='ocr_line' id='line_1_29' title="bbox 350 4014 1575 4088; baseline 0.002 -21"><span class='ocrx_word' id='word_1_205' title='bbox 350 4028 374 4067; x_wconf 87' lang='lat'>2.</span> <span class='ocrx_word' id='word_1_206' title='bbox 395 4016 411 4042; x_wconf 89' lang='lat'><strong>“</strong></span> <span class='ocrx_word' id='word_1_207' title='bbox 425 4017 499 4072; x_wconf 86' lang='lat' dir='ltr'>C’est</span> <span class='ocrx_word' id='word_1_208' title='bbox 513 4037 548 4072; x_wconf 95' lang='lat' dir='ltr'>un</span> <span class='ocrx_word' id='word_1_209' title='bbox 563 4018 615 4073; x_wconf 87' lang='lat' dir='ltr'>des</span> <span class='ocrx_word' id='word_1_210' title='bbox 637 4021 795 4088; x_wconf 89' lang='lat' dir='ltr'>spectacles</span> <span class='ocrx_word' id='word_1_211' title='bbox 809 4021 850 4075; x_wconf 91' lang='lat' dir='ltr'>Ies</span> <span class='ocrx_word' id='word_1_212' title='bbox 864 4021 928 4088; x_wconf 90' lang='lat' dir='ltr'>plus</span> <span class='ocrx_word' id='word_1_213' title='bbox 947 4018 1060 4073; x_wconf 87' lang='lat' dir='ltr'>curieux</span> <span class='ocrx_word' id='word_1_214' title='bbox 1081 4018 1118 4072; x_wconf 88' lang='lat' dir='ltr'>de</span> <span class='ocrx_word' id='word_1_215' title='bbox 1131 4015 1276 4082; x_wconf 89' lang='lat' dir='ltr'>I&#39;histoire,</span> <span class='ocrx_word' id='word_1_216' title='bbox 1290 4014 1362 4069; x_wconf 90' lang='lat' dir='ltr'>ainsi</span> <span class='ocrx_word' id='word_1_217' title='bbox 1387 4031 1442 4085; x_wconf 88' lang='lat' dir='ltr'>que</span> <span class='ocrx_word' id='word_1_218' title='bbox 1461 4015 1495 4068; x_wconf 87' lang='lat' dir='ltr'>I’a</span> <span class='ocrx_word' id='word_1_219' title='bbox 1509 4015 1575 4085; x_wconf 71' lang='lat' dir='ltr'>deja</span> 
     </span>
     <span class='ocr_line' id='line_1_30' title="bbox 313 4093 1572 4169; baseline 0.002 -23"><span class='ocrx_word' id='word_1_220' title='bbox 313 4093 433 4150; x_wconf 69' lang='lat' dir='ltr'>observe</span> <span class='ocrx_word' id='word_1_221' title='bbox 445 4096 471 4150; x_wconf 87' lang='lat' dir='ltr'>le</span> <span class='ocrx_word' id='word_1_222' title='bbox 490 4109 583 4152; x_wconf 88' lang='lat' dir='ltr'>comte</span> <span class='ocrx_word' id='word_1_223' title='bbox 596 4099 632 4153; x_wconf 88' lang='lat' dir='ltr'>de</span> <span class='ocrx_word' id='word_1_224' title='bbox 647 4099 774 4165; x_wconf 85' lang='lat' dir='ltr'>Maistre‚</span> <span class='ocrx_word' id='word_1_225' title='bbox 798 4117 853 4168; x_wconf 90' lang='lat' dir='ltr'>que</span> <span class='ocrx_word' id='word_1_226' title='bbox 876 4100 1038 4169; x_wconf 68' lang='lat' dir='ltr'>l’nplration</span> <span class='ocrx_word' id='word_1_227' title='bbox 1059 4096 1154 4151; x_wconf 75' lang='lat' dir='ltr'>cachle</span> <span class='ocrx_word' id='word_1_228' title='bbox 1167 4095 1214 4167; x_wconf 94' lang='lat' dir='ltr'>qui</span> <span class='ocrx_word' id='word_1_229' title='bbox 1229 4096 1350 4165; x_wconf 74' lang='lat' dir='ltr'>prepara</span> <span class='ocrx_word' id='word_1_230' title='bbox 1369 4106 1397 4149; x_wconf 86' lang='lat' dir='ltr'>et</span> <span class='ocrx_word' id='word_1_231' title='bbox 1416 4094 1496 4148; x_wconf 74' lang='lat' dir='ltr'>eleva</span> <span class='ocrx_word' id='word_1_232' title='bbox 1509 4112 1572 4162; x_wconf 86' lang='lat' dir='ltr'>gra·</span> 
     </span>
     <span class='ocr_line' id='line_1_31' title="bbox 313 4173 1574 4249; baseline 0.002 -23"><span class='ocrx_word' id='word_1_233' title='bbox 313 4173 485 4229; x_wconf 86' lang='lat' dir='ltr'>duellement</span> <span class='ocrx_word' id='word_1_234' title='bbox 496 4178 521 4231; x_wconf 87' lang='lat' dir='ltr'>Ie</span> <span class='ocrx_word' id='word_1_235' title='bbox 534 4178 653 4247; x_wconf 83' lang='lat' dir='ltr'>pouvoIr</span> <span class='ocrx_word' id='word_1_236' title='bbox 671 4180 808 4249; x_wconf 90' lang='lat' dir='ltr'>temporel</span> <span class='ocrx_word' id='word_1_237' title='bbox 822 4179 873 4233; x_wconf 91' lang='lat' dir='ltr'>des</span> <span class='ocrx_word' id='word_1_238' title='bbox 894 4180 995 4248; x_wconf 88' lang='lat' dir='ltr'>Papcs.</span> <span class='ocrx_word' id='word_1_239' title='bbox 1016 4179 1089 4232; x_wconf 92' lang='lat' dir='ltr'>Sous</span> <span class='ocrx_word' id='word_1_240' title='bbox 1103 4178 1184 4233; x_wconf 82' lang='lat' dir='ltr'>Ieieu</span> <span class='ocrx_word' id='word_1_241' title='bbox 1198 4177 1291 4230; x_wconf 71' lang='lat' dir='ltr'>meme</span> <span class='ocrx_word' id='word_1_242' title='bbox 1307 4176 1357 4228; x_wconf 90' lang='lat' dir='ltr'>des</span> <span class='ocrx_word' id='word_1_243' title='bbox 1371 4174 1574 4244; x_wconf 70' lang='lat' dir='ltr'>persecutIons,</span> 
     </span>
    </p>
   </div>
   <div class='ocr_carea' id='block_1_4' title="bbox 311 4254 1575 4804">
    <p class='ocr_par' dir='ltr' id='par_1_11' title="bbox 311 4254 1575 4804">
     <span class='ocr_line' id='line_1_32' title="bbox 313 4254 1575 4327; baseline 0.005 -23"><span class='ocrx_word' id='word_1_244' title='bbox 313 4262 387 4306; x_wconf 86' lang='lat' dir='ltr'>cette</span> <span class='ocrx_word' id='word_1_245' title='bbox 401 4257 578 4324; x_wconf 80' lang='lat' dir='ltr'>mysllrt&#39;euse</span> <span class='ocrx_word' id='word_1_246' title='bbox 591 4258 772 4327; x_wconf 66' lang='lat' dir='ltr'>preparation</span> <span class='ocrx_word' id='word_1_247' title='bbox 787 4276 817 4313; x_wconf 89' lang='lat' dir='ltr'>se</span> <span class='ocrx_word' id='word_1_248' title='bbox 839 4257 962 4312; x_wconf 71' lang='lat' dir='ltr'>revelea</span> <span class='ocrx_word' id='word_1_249' title='bbox 984 4257 1187 4311; x_wconf 85' lang='lat' dir='ltr'>l’observateur</span> <span class='ocrx_word' id='word_1_250' title='bbox 1200 4254 1321 4310; x_wconf 80' lang='lat' dir='ltr'>attentis.</span> <span class='ocrx_word' id='word_1_251' title='bbox 1338 4256 1404 4307; x_wconf 93' lang='lat' dir='ltr'>Non</span> <span class='ocrx_word' id='word_1_252' title='bbox 1419 4254 1575 4310; x_wconf 87' lang='lat' dir='ltr'>seulement</span> 
     </span>
     <span class='ocr_line' id='line_1_33' title="bbox 313 4313 1573 4408; baseline 0.003 -24"><span class='ocrx_word' id='word_1_253' title='bbox 313 4313 448 4402; x_wconf 73' lang='lat' dir='ltr'>Pliveque</span> <span class='ocrx_word' id='word_1_254' title='bbox 461 4335 497 4389; x_wconf 86' lang='lat' dir='ltr'>de</span> <span class='ocrx_word' id='word_1_255' title='bbox 508 4338 599 4392; x_wconf 87' lang='lat' dir='ltr'>Rome</span> <span class='ocrx_word' id='word_1_256' title='bbox 612 4355 630 4405; x_wconf 85' lang='lat' dir='ltr'>y</span> <span class='ocrx_word' id='word_1_257' title='bbox 643 4339 772 4406; x_wconf 82' lang='lat' dir='ltr'>apparalt</span> <span class='ocrx_word' id='word_1_258' title='bbox 785 4339 911 4408; x_wconf 87' lang='lat' dir='ltr'>jugeant‚</span> <span class='ocrx_word' id='word_1_259' title='bbox 924 4354 1036 4391; x_wconf 86' lang='lat' dir='ltr'>comme</span> <span class='ocrx_word' id='word_1_260' title='bbox 1049 4337 1090 4390; x_wconf 87' lang='lat' dir='ltr'>les</span> <span class='ocrx_word' id='word_1_261' title='bbox 1111 4345 1206 4389; x_wconf 89' lang='lat' dir='ltr'>autres</span> <span class='ocrx_word' id='word_1_262' title='bbox 1229 4335 1351 4401; x_wconf 61' lang='lat' dir='ltr'>§veques</span> <span class='ocrx_word' id='word_1_263' title='bbox 1368 4344 1395 4387; x_wconf 90' lang='lat' dir='ltr'>et</span> <span class='ocrx_word' id='word_1_264' title='bbox 1417 4333 1573 4388; x_wconf 69' lang='lat' dir='ltr'>conforme·</span> 
     </span>
     <span class='ocr_line' id='line_1_34' title="bbox 313 4413 1574 4486; baseline 0.006 -23"><span class='ocrx_word' id='word_1_265' title='bbox 313 4421 392 4465; x_wconf 91' lang='lat' dir='ltr'>ment</span> <span class='ocrx_word' id='word_1_266' title='bbox 405 4429 459 4467; x_wconf 89' lang='lat' dir='ltr'>aux</span> <span class='ocrx_word' id='word_1_267' title='bbox 472 4416 751 4471; x_wconf 89' lang='lat' dir='ltr'>recommandations</span> <span class='ocrx_word' id='word_1_268' title='bbox 761 4418 798 4471; x_wconf 89' lang='lat' dir='ltr'>de</span> <span class='ocrx_word' id='word_1_269' title='bbox 818 4417 935 4486; x_wconf 76' lang='lat' dir='ltr'>l&#39;apotre</span> <span class='ocrx_word' id='word_1_270' title='bbox 949 4417 1022 4470; x_wconf 84' lang='lat' dir='ltr'>saint</span> <span class='ocrx_word' id='word_1_271' title='bbox 1038 4416 1116 4480; x_wconf 91' lang='lat' dir='ltr'>Paul,</span> <span class='ocrx_word' id='word_1_272' title='bbox 1129 4416 1170 4469; x_wconf 90' lang='lat' dir='ltr'>les</span> <span class='ocrx_word' id='word_1_273' title='bbox 1184 4414 1295 4467; x_wconf 81' lang='lat' dir='ltr'>affaires</span> <span class='ocrx_word' id='word_1_274' title='bbox 1304 4413 1484 4481; x_wconf 87' lang='lat' dir='ltr'>temporelles</span> <span class='ocrx_word' id='word_1_275' title='bbox 1498 4414 1533 4468; x_wconf 89' lang='lat' dir='ltr'>de</span> <span class='ocrx_word' id='word_1_276' title='bbox 1547 4416 1574 4470; x_wconf 92' lang='lat' dir='ltr'>Ia</span> 
     </span>
     <span class='ocr_line' id='line_1_35' title="bbox 312 4493 1572 4565; baseline 0.006 -23"><span class='ocrx_word' id='word_1_277' title='bbox 312 4495 512 4548; x_wconf 72' lang='lat' dir='ltr'>communaute</span> <span class='ocrx_word' id='word_1_278' title='bbox 526 4496 572 4565; x_wconf 94' lang='lat' dir='ltr'>qui</span> <span class='ocrx_word' id='word_1_279' title='bbox 587 4495 623 4549; x_wconf 92' lang='lat' dir='ltr'>lui</span> <span class='ocrx_word' id='word_1_280' title='bbox 637 4505 680 4550; x_wconf 87' lang='lat' dir='ltr'>est</span> <span class='ocrx_word' id='word_1_281' title='bbox 694 4497 896 4565; x_wconf 74' lang='lat' dir='ltr'>specialement</span> <span class='ocrx_word' id='word_1_282' title='bbox 910 4495 1065 4559; x_wconf 87' lang='lat' dir='ltr'>comntise;</span> <span class='ocrx_word' id='word_1_283' title='bbox 1088 4494 1160 4548; x_wconf 84' lang='lat' dir='ltr'>mais</span> <span class='ocrx_word' id='word_1_284' title='bbox 1180 4494 1207 4547; x_wconf 94' lang='lat' dir='ltr'>la</span> <span class='ocrx_word' id='word_1_285' title='bbox 1221 4493 1419 4560; x_wconf 86' lang='lat' dir='ltr'>magistrature</span> <span class='ocrx_word' id='word_1_286' title='bbox 1433 4494 1572 4564; x_wconf 69' lang='lat' dir='ltr'>supreme,</span> 
     </span>
     <span class='ocr_line' id='line_1_36' title="bbox 312 4567 1571 4644; baseline 0.007 -25"><span class='ocrx_word' id='word_1_287' title='bbox 312 4567 382 4621; x_wconf 92' lang='lat' dir='ltr'>dont</span> <span class='ocrx_word' id='word_1_288' title='bbox 396 4569 413 4621; x_wconf 88' lang='lat' dir='ltr'>il</span> <span class='ocrx_word' id='word_1_289' title='bbox 427 4583 469 4624; x_wconf 89' lang='lat' dir='ltr'>est</span> <span class='ocrx_word' id='word_1_290' title='bbox 484 4573 594 4641; x_wconf 84' lang='lat' dir='ltr'>investi,</span> <span class='ocrx_word' id='word_1_291' title='bbox 615 4575 688 4629; x_wconf 86' lang='lat' dir='ltr'>dans</span> <span class='ocrx_word' id='word_1_292' title='bbox 712 4576 811 4629; x_wconf 88' lang='lat' dir='ltr'>l’ordrc</span> <span class='ocrx_word' id='word_1_293' title='bbox 835 4576 979 4644; x_wconf 83' lang='lat' dir='ltr'>religieux,</span> <span class='ocrx_word' id='word_1_294' title='bbox 994 4574 1125 4642; x_wconf 87' lang='lat' dir='ltr'>imprime</span> <span class='ocrx_word' id='word_1_295' title='bbox 1139 4574 1239 4627; x_wconf 73' lang='lat' dir='ltr'>acette</span> <span class='ocrx_word' id='word_1_296' title='bbox 1247 4571 1408 4642; x_wconf 87' lang='lat' dir='ltr'>judicature</span> <span class='ocrx_word' id='word_1_297' title='bbox 1422 4572 1571 4628; x_wconf 74' lang='lat' dir='ltr'>infcricure</span> 
     </span>
     <span class='ocr_line' id='line_1_37' title="bbox 312 4649 1569 4724; baseline 0.006 -25"><span class='ocrx_word' id='word_1_298' title='bbox 312 4663 349 4699; x_wconf 91' lang='lat' dir='ltr'>un</span> <span class='ocrx_word' id='word_1_299' title='bbox 360 4649 503 4705; x_wconf 74' lang='lat' dir='ltr'>caractere</span> <span class='ocrx_word' id='word_1_300' title='bbox 516 4653 552 4705; x_wconf 90' lang='lat' dir='ltr'>de</span> <span class='ocrx_word' id='word_1_301' title='bbox 566 4655 693 4723; x_wconf 70' lang='lat' dir='ltr'>majeste,</span> <span class='ocrx_word' id='word_1_302' title='bbox 706 4672 741 4708; x_wconf 93' lang='lat' dir='ltr'>en</span> <span class='ocrx_word' id='word_1_303' title='bbox 756 4656 849 4710; x_wconf 73' lang='lat' dir='ltr'>meme</span> <span class='ocrx_word' id='word_1_304' title='bbox 867 4667 961 4724; x_wconf 86' lang='lat' dir='ltr'>temps</span> <span class='ocrx_word' id='word_1_305' title='bbox 981 4655 1078 4724; x_wconf 81' lang='lat' dir='ltr'>qu&#39;elle</span> <span class='ocrx_word' id='word_1_306' title='bbox 1095 4658 1241 4722; x_wconf 70' lang='lat' dir='ltr'>pravoque</span> <span class='ocrx_word' id='word_1_307' title='bbox 1263 4652 1295 4704; x_wconf 72' lang='lat' dir='ltr'>dc</span> <span class='ocrx_word' id='word_1_308' title='bbox 1308 4652 1336 4703; x_wconf 88' lang='lat' dir='ltr'>la</span> <span class='ocrx_word' id='word_1_309' title='bbox 1351 4652 1510 4720; x_wconf 68' lang='lat' dir='ltr'>glnlrosite‘</span> <span class='ocrx_word' id='word_1_310' title='bbox 1523 4653 1569 4706; x_wconf 80' lang='lat' dir='ltr'>des</span> 
     </span>
     <span class='ocr_line' id='line_1_38' title="bbox 311 4724 1569 4804; baseline 0.007 -26"><span class='ocrx_word' id='word_1_311' title='bbox 311 4724 447 4782; x_wconf 57' lang='lat' dir='ltr'>chrotiens</span> <span class='ocrx_word' id='word_1_312' title='bbox 459 4730 506 4784; x_wconf 81' lang='lat' dir='ltr'>des</span> <span class='ocrx_word' id='word_1_313' title='bbox 527 4733 677 4787; x_wconf 73' lang='lat' dir='ltr'>donatiam</span> <span class='ocrx_word' id='word_1_314' title='bbox 700 4735 733 4787; x_wconf 79' lang='lat' dir='ltr'>de</span> <span class='ocrx_word' id='word_1_315' title='bbox 755 4741 830 4788; x_wconf 79' lang='lat' dir='ltr'>toute</span> <span class='ocrx_word' id='word_1_316' title='bbox 851 4741 954 4788; x_wconf 81' lang='lat' dir='ltr'>nature</span> <span class='ocrx_word' id='word_1_317' title='bbox 975 4734 1021 4804; x_wconf 91' lang='lat' dir='ltr'>qui</span> <span class='ocrx_word' id='word_1_318' title='bbox 1044 4734 1079 4786; x_wconf 89' lang='lat' dir='ltr'>lui</span> <span class='ocrx_word' id='word_1_319' title='bbox 1104 4742 1254 4802; x_wconf 88' lang='lat' dir='ltr'>apportent</span> <span class='ocrx_word' id='word_1_320' title='bbox 1277 4748 1345 4785; x_wconf 86' lang='lat' dir='ltr'>avec</span> <span class='ocrx_word' id='word_1_321' title='bbox 1368 4748 1422 4785; x_wconf 89' lang='lat' dir='ltr'>une</span> <span class='ocrx_word' id='word_1_322' title='bbox 1445 4733 1569 4788; x_wconf 87' lang='lat' dir='ltr'>certainc</span> 
     </span>
    </p>
   </div>
   <div class='ocr_carea' id='block_1_5' title="bbox 0 0 1752 5482">
    <p class='ocr_par' dir='ltr' id='par_1_12' title="bbox 0 0 1752 5482">
     <span class='ocr_line' id='line_1_39' title="bbox 0 0 1752 5482; baseline 0 1"><span class='ocrx_word' id='word_1_323' title='bbox 0 0 1752 5482; x_wconf 95' lang='lat' dir='ltr'> </span> 
     </span>
    </p>
   </div>
  </div>
 </body>
</html>
