3496 5482
350 531 423 602 304
758 531 849 581 anna
877 531 936 580 sir
964 532 1038 582 nex
1068 532 1194 583 noun.

348 696 385 770 in
404 720 534 770 servos
554 720 627 769 non
647 695 805 793 amplius
825 696 994 794 pollent:
1015 698 1100 783 imo,
1123 697 1204 771 illos
1224 699 1276 771 uti
1297 697 1428 772 fratres
1452 698 1609 797 diligere

348 833 532 890 tenentur.
556 815 732 888 Mutuum
753 815 911 910 proinde
930 813 1118 888 vinculum
1146 816 1247 912 pacis
1266 833 1304 890 et
1336 815 1510 900 caritatis,
1533 842 1607 892 non

348 951 466 1007 terror
484 957 525 1006 ac
556 958 667 1017 mors,
689 930 902 1006 individuos
921 933 1101 1032 cujusque
1121 932 1268 1006 familiae
1289 932 1403 1007 nectit
1430 959 1472 1006 ac
1492 933 1605 1009 fovet.

351 1052 434 1126 Nec
453 1050 510 1124 vis
528 1069 592 1124 aut
610 1050 793 1147 cupiditas
811 1067 850 1124 et
869 1052 1071 1124 necessitas
1087 1077 1208 1125 rerum
1230 1050 1468 1149 hostiumque
1488 1053 1606 1125 incur·

347 1195 411 1242 sus
428 1187 562 1268 gentes
578 1194 643 1266 per
655 1169 799 1243 Orbem
818 1168 971 1242 diffusas
991 1169 1028 1243 in
1047 1195 1161 1243 unum
1176 1169 1379 1269 colligunt;
1399 1169 1465 1244 sed
1487 1194 1608 1244 novus

347 1312 389 1361 ac
409 1305 559 1361 mutuus
578 1312 683 1360 amor
701 1311 847 1360 necnon
869 1287 925 1380 jus
945 1312 1084 1361 novum
1106 1286 1402 1370 internationale,
1423 1286 1607 1384 amplissi-

348 1430 449 1478 mum
481 1430 523 1478 ac
551 1405 800 1501 respectivum
831 1429 976 1490 munus,
996 1430 1128 1478 omnes
1149 1403 1284 1479 blande
1316 1404 1469 1479 flectunt
1487 1429 1530 1479 ac
1551 1430 1607 1478 ur·

346 1542 447 1624 gent,
469 1543 509 1596 ut
527 1523 687 1620 quisque
705 1522 895 1596 laboribus
914 1522 1024 1595 simul
1056 1522 1209 1609 collatis,
1237 1542 1435 1621 utrumque
1467 1523 1606 1596 bonum

347 1660 527 1715 aeternum
546 1666 588 1714 ac
622 1660 903 1737 temporaneum
936 1640 1077 1714 facilius
1099 1659 1329 1738 assequatur.
1365 1642 1397 1712 N
1407 1639 1500 1713 ullus
1521 1640 1605 1713 hinc

347 1762 502 1845 advena,
520 1759 641 1833 nullus
660 1759 696 1832 in
712 1779 792 1835 toto
808 1761 935 1835 mundi
952 1761 1057 1836 Orbe
1078 1762 1243 1837 infensus
1264 1761 1381 1836 hostis
1397 1789 1404 1835 :
1423 1786 1555 1836 omnes
1570 1762 1606 1835 in

349 1904 460 1953 unam
480 1876 594 1953 veluti
624 1876 800 1951 familiam
820 1898 955 1976 sponte
986 1906 1028 1953 ac
1048 1879 1163 1954 libere
1191 1879 1430 1953 conveniunt.
1464 1872 1607 1952 idcirco

349 1998 487 2070 bonum
516 1996 618 2094 quod
648 1996 742 2073 aliu's
760 1999 1011 2096 consequitur,
1043 1997 1148 2073 alteri
1169 1999 1347 2072 invidiam
1381 2022 1455 2071 non
1475 1997 1607 2083 affert3

348 2115 415 2189 sed
435 2114 559 2212 potius
577 2113 894 2190 oblectamentum
915 2116 1067 2212 praebet.
1100 2115 1245 2214 Singuli
1266 2115 1365 2188 enim
1386 2133 1516 2190 mutuo
1534 2115 1605 2189 fra-

348 2252 464 2308 ternae
494 2233 657 2307 caritatis
687 2232 828 2308 foedere
859 2234 960 2319 init0,
985 2233 1141 2307 aliorum
1173 2232 1283 2308 bonis
1305 2233 1358 2305 uti
1389 2233 1459 2307 sibi
1491 2233 1607 2330 partis

349 2351 509 2425 invicem
530 2347 708 2424 fruuntur.

400 2506 420 2534 ‘⁴
442 2494 557 2568 Unde
577 2493 664 2566 novi
683 2493 874 2567 christiani
895 2494 1021 2591 populi
1042 2520 1116 2567 non
1136 2494 1172 2568 vi
1193 2519 1456 2592 armorumque
1476 2514 1605 2592 poten-

349 2615 409 2700 tia,
430 2613 497 2687 sed
517 2611 633 2684 verbo
651 2630 689 2684 et
707 2610 939 2707 amplissimo
954 2612 1127 2686 amicitiae
1141 2612 1281 2688 foedere
1295 2640 1378 2687 cum
1396 2616 1606 2711 respectiva

347 2732 514 2806 omnium
535 2729 835 2824 independentia,
870 2730 941 2803 sub
973 2756 1047 2804 uno
1067 2731 1254 2804 communi
1290 2732 1409 2818 Patre,
1432 2732 1605 2806 inunum

347 2849 549 2923 convenire
568 2846 717 2920 debent.
740 2847 826 2941 Qua
844 2848 891 2921 de
911 2873 949 2920 re
972 2849 1163 2922 Romanus
1195 2849 1378 2934 Pontifex,
1403 2850 1503 2924 Petri
1523 2877 1606 2924 suc·

348 2994 473 3042 cessor
491 2983 529 3040 et
548 2964 662 3061 ipsius
682 2964 821 3038 Christi
842 2965 942 3038 vices
968 2990 1114 3063 gerenS,
1138 2992 1211 3040 non
1238 2966 1329 3040 alias
1360 2993 1402 3040 ac
1424 2969 1607 3042 maximus

348 3084 514 3160 omnium
530 3083 678 3182 Regum
692 3080 988 3178 populorumque
1007 3082 1125 3167 Pater,
1142 3108 1280 3158 novum
1296 3086 1482 3185 etiamjus
1496 3088 1606 3162 inter·

349 3201 545 3286 nationale,
565 3201 662 3273 inter
681 3198 769 3272 illud
787 3200 953 3272 omnium
973 3198 1193 3296 populorum
1214 3203 1410 3290 excidium,
1433 3205 1606 3279 naturali·

349 3345 404 3396 ter
418 3318 589 3417 praetulit,
611 3316 752 3391 evolvit
771 3344 813 3390 ac
832 3336 983 3391 strenue
1003 3316 1174 3392 firmavit.

400 3461 648 3534 “Enimvero
678 3485 789 3533 nemo
817 3458 909 3532 alius
931 3460 1106 3555 Princeps
1139 3462 1281 3535 exstitit
1300 3488 1342 3535 ac
1374 3489 1458 3537 esse
1478 3482 1606 3560 posset

346 3598 458 3677 caput
477 3579 590 3653 totius
604 3576 814 3651 christianae
826 3576 982 3661 familiae,
1003 3602 1069 3650 nec
1085 3580 1293 3674 respectiva
1316 3578 1418 3653 Urbs
1437 3602 1605 3654 centrum

348 3724 432 3774 esse
451 3697 587 3793 poterit
601 3696 766 3769 omnium
788 3692 1020 3791 populorum,
1036 3720 1102 3768 nec
1123 3718 1320 3793 propterea
1334 3718 1503 3771 centrum
1511 3699 1607 3796 juris

349 3813 651 3890 internationalis
675 3812 802 3908 Quum
821 3813 920 3887 enim
952 3838 1082 3886 omnes
1101 3814 1290 3888 christiani
1313 3817 1504 3913 Principes
1533 3819 1608 3891 sint

344 3937 428 4034 jure
446 3931 618 4030 aequales,
636 3933 705 4005 etsi
724 3930 816 4004 alius
832 3956 907 4027 prae
926 3928 999 4002 alio
1018 3931 1179 4028 iugenio,
1195 3957 1459 4030 armorumque
1478 3954 1607 4031 poten·

349 4053 400 4126 tia
418 4051 592 4124 illustrior
611 4048 823 4148 fortiorque,
840 4073 950 4122 nemo
965 4049 1148 4144 potiorem
1169 4048 1267 4122 illam
1283 4051 1605 4148 principalitatem,

348 4197 422 4270 qua
443 4169 615 4243 Pontifex
635 4187 672 4243 et
695 4194 760 4242 rex
790 4168 922 4240 Romae
942 4165 1066 4262 pollet,
1098 4167 1271 4262 praeferre
1291 4188 1426 4265 potest,
1450 4188 1489 4243 ut
1508 4171 1606 4266 prin-

347 4289 484 4386 cipium
497 4306 609 4383 atque
623 4304 790 4360 centrum
798 4284 894 4384 juris
909 4282 1204 4358 iut'ernationalis
1221 4286 1437 4361 naturaliter
1456 4288 1603 4363 evadat.

351 4408 504 4491 idcirc0,
526 4404 842 4502 quemadmodum
855 4402 979 4499 plures
994 4402 1141 4476 familiae
1151 4403 1236 4500 jure
1254 4406 1417 4503 aequales
1433 4408 1469 4481 in
1489 4409 1605 4481 muni-

347 4525 494 4624 cipium,
516 4522 621 4620 plura
640 4522 839 4618 municipia
865 4522 950 4620 jure
968 4520 1108 4618 pariter
1125 4521 1283 4620 aequalia
1302 4525 1339 4597 in
1357 4525 1601 4620 provinciam,

347 4646 471 4745 plures
507 4643 708 4739 provinciae
744 4641 832 4715 item
863 4640 948 4740 jure
979 4640 1142 4737 aequales
1178 4642 1214 4715 in
1250 4643 1515 4740 rempublicam
1546 4644 1604 4718 vel
