3496 5482
1419 462 1525 469 ...-
1548 462 1563 468 -

305 523 371 591 142
709 524 803 575 Para
830 522 890 574 s1r
918 522 993 572 nex
1022 522 1148 573 noun.

299 681 402 768 dunt,
426 682 608 757 Ecclesiae
627 683 782 769 infestae,
804 685 964 780 primum
981 684 1017 756 in
1030 703 1143 758 sectae
1158 685 1406 759 conventibus
1421 710 1555 783 propo·

298 817 443 889 nuntur,
473 801 735 889 decernuntur,
763 800 959 879 definitive
994 819 1217 876 statuuntur.
1258 801 1403 877 Sufficit
1430 822 1554 878 autem

294 941 570 1016 quamcumque
591 942 668 992 rem
688 917 850 1017 aliquam
870 945 947 1016 prae
965 944 1007 993 sc
1027 920 1121 994 ferre
1139 919 1376 995 contumeliae
1391 921 1554 1018 speciem

296 1035 332 1108 in
355 1037 574 1123 Ecclesiam,
593 1056 634 1113 ut
652 1040 784 1114 eadem
805 1038 902 1117 illico
921 1056 1092 1137 promota
1111 1038 1389 1139 conspiciatur(
1406 1037 1430 1138 )

344 1169 403 1231 25.
424 1157 624 1233 Coronidis
655 1182 767 1231 causa
798 1174 951 1255 praestat
983 1183 1067 1230 cum
1100 1158 1228 1233 Leone
1248 1157 1353 1231 XIII
1389 1157 1555 1231 animad-

294 1294 440 1350 vertere
466 1275 577 1350 aliam
609 1275 789 1374 perfidam
810 1295 927 1351 artem
947 1301 1059 1375 quam
1080 1275 1260 1350 adhibent
1283 1277 1484 1350 Massones
1513 1295 1553 1349 ut

296 1386 439 1468 intenta
450 1394 681 1471 obtinerent:
697 1393 907 1468 Ecclesiam
924 1393 1065 1468 scilicet
1076 1394 1175 1490 apud
1194 1394 1386 1491 Principes
1402 1394 1552 1468 insimu-

296 1508 427 1597 larunt,
449 1529 486 1586 et
508 1511 699 1608 Principes
718 1511 819 1609 ipsos
838 1537 881 1584 ac
902 1510 1112 1585 Ecclesiam
1133 1512 1230 1608 apud
1260 1510 1419 1609 populos
1434 1540 1442 1598 ;
1460 1511 1550 1585 dum

291 1654 312 1702 e
327 1629 512 1703 contrario
531 1628 699 1703 Ecclesia
721 1640 743 1667 ⁴⁸
754 1630 873 1703 amica
884 1630 996 1726 pacis,
1011 1629 1120 1704 altrix
1135 1630 1368 1716 concordiae,
1382 1648 1551 1704 materna

293 1756 313 1784 ‘⁴
333 1771 464 1821 omnes
482 1746 635 1820 caritate
654 1744 924 1843 complectitur,
954 1764 992 1821 et
1011 1746 1183 1820 iuvandis
1203 1746 1423 1820 mortalibus
1443 1747 1551 1820 unice

292 1875 312 1902 ‘⁶
333 1865 485 1950 intenta,
506 1864 684 1938 iustitiam
703 1882 879 1961 oportere
897 1864 1008 1938 docet
1027 1889 1111 1938 cum
1126 1863 1335 1950 clementia,
1354 1864 1549 1961 imperium

290 1989 310 2018 “
325 2008 408 2056 cum
427 1983 627 2080 aequitate,
644 1982 749 2082 leges
767 2008 851 2055 cum
867 1983 1125 2057 moderatione
1140 1982 1392 2080 coniungere:
1413 1981 1548 2056 nullius

291 2110 311 2137 “
330 2100 387 2173 ius
402 2099 753 2189 violandum,ordini
766 2098 1099 2199 tranquillitatique
1110 2098 1281 2197 publicae
1292 2099 1545 2189 serviendum,

290 2217 493 2314 “inopiam
513 2218 743 2305 miserorum,
775 2243 887 2316 quam
917 2217 1080 2293 maxime
1111 2216 1189 2291 fieri
1217 2235 1351 2315 potest,
1373 2218 1547 2315 privatIm

289 2342 308 2371 ‘¹
328 2352 365 2409 et
379 2334 526 2432 publice
544 2334 827 2410 sublevandam.
850 2336 867 2362 ”

337 2453 389 2526 Et
404 2471 504 2529 recte
522 2451 709 2527 concludit
724 2453 863 2527 Rector
877 2454 992 2529 Orbis
1007 2471 1188 2528 terrarum
1204 2481 1212 2528 :
1227 2453 1403 2548 “Quibus
1421 2455 1548 2552 cogni-

289 2577 310 2608 “
332 2570 389 2656 tis,
423 2568 493 2644 hoc
525 2587 625 2644 esset
656 2569 755 2643 civili
783 2571 1005 2663 prudentiae
1024 2570 1227 2645 admodum
1259 2595 1481 2670 congruens
1511 2589 1548 2644 et

289 2686 572 2761 “incolumitati
604 2688 793 2761 communi
812 2689 1073 2776 necessarium,
1098 2688 1290 2785 Principes
1322 2705 1360 2762 et
1388 2686 1548 2785 populos

289 2813 308 2842 ‘⁴
328 2829 402 2879 non
417 2830 502 2879 cum
521 2805 763 2879 Massonibus
775 2806 822 2889 ad
835 2805 1131 2880 labefactandam
1146 2805 1365 2891 Ecclesiam,
1382 2807 1449 2881 sed
1463 2832 1547 2881 cum

287 2930 309 2959 “
329 2921 501 2997 Ecclesia
515 2924 562 2996 ad
579 2923 807 3021 frangendos
827 2925 1047 2998 Massonum
1062 2924 1224 3021 impetus
1242 2926 1455 3021 conspirare
1467 2921 1547 3024 (²).”

336 3055 395 3117 26.
419 3042 479 3115 Ex
498 3042 671 3116 omnibus
691 3042 793 3117 hisce
807 3044 897 3116 satis
912 3068 1109 3141 superque,
1127 3043 1163 3115 ni
1178 3041 1293 3128 fallor,
1311 3060 1424 3140 patet,
1440 3068 1547 3115 occu-

286 3159 476 3255 pationem
498 3159 708 3233 Romanam
728 3178 899 3233 auctores
925 3177 1039 3256 atque
1066 3158 1229 3233 fautores
1257 3158 1442 3244 habuisse,
1472 3183 1547 3231 non

286 3277 471 3374 genuinos
494 3277 611 3351 Italiae
629 3276 734 3363 filios,
753 3278 819 3351 sed
838 3278 1058 3350 Massonum
1073 3277 1295 3374 coryphaeos
1309 3295 1421 3374 atque
1433 3275 1548 3348 duces

286 3392 567 3478 socialistarum,
588 3395 741 3492 dignam
761 3394 975 3468 earumdem
996 3394 1175 3468 sobolem.

299 3606 302 3611 q
337 3511 483 3610 Scopus
502 3538 593 3613 ergo
620 3513 732 3612 hujus
760 3514 971 3610 viperarum
1004 3514 1198 3613 progeniei
1218 3514 1277 3587 hic
1296 3514 1448 3587 minime
1468 3511 1544 3598 fuit,

287 3647 327 3702 ut
345 3628 564 3704 liberaretur
579 3631 638 3705 vel
658 3629 895 3705 unificaretur
913 3657 1069 3729 regnum
1093 3631 1221 3717 Italiae,
1237 3632 1305 3705 sed
1325 3652 1364 3705 ut
1383 3630 1549 3703 funditus

286 3766 516 3822 everteretur
534 3750 734 3847 spiritualis
753 3770 921 3847 potestas
935 3751 1072 3825 Vicarii
1093 3752 1268 3836 Cunrsrr,
1290 3751 1374 3836 imo,
1405 3751 1436 3822 si
1470 3748 1548 3822 fieri

287 3886 425 3963 posset,
446 3887 486 3942 ut
504 3869 696 3945 destructo
716 3888 796 3944 toto
816 3869 981 3945 Cnnrsrr
1002 3896 1129 3970 regno,
1146 3896 1212 3945 seu
1230 3869 1401 3943 Ecclesia
1421 3869 1458 3942 in
1477 3887 1548 3941 ter·

288 3986 346 4072 ris,
368 4010 467 4060 nova
485 3988 636 4061 daretur
664 3988 885 4062 instauratio
908 3988 1163 4076 Naturalismi,
1186 3989 1220 4061 id
1242 4008 1299 4061 est
1321 3987 1546 4086 Paganismi,

287 4129 354 4178 seu
373 4108 477 4205 regni
499 4109 671 4194 Luciferi,
691 4133 774 4182 cum
795 4109 960 4182 horribili
981 4136 1047 4183 sua
1065 4109 1284 4183 crudelitate
1316 4134 1359 4181 ac
1379 4105 1548 4181 infernali

286 4237 440 4321 egot'smo
458 4253 524 4323 per
544 4229 686 4302 Orbem
708 4246 898 4303 terrarum.

338 4344 498 4421 Animus
517 4347 649 4422 horum
669 4365 869 4422 conatuum
888 4368 945 4423 est
970 4349 1117 4422 animus
1136 4347 1286 4445 superbi
1306 4346 1403 4419 illius
1421 4343 1547 4443 angeli

325 4589 347 4631 1.
368 4579 483 4650 Encycl.
499 4581 603 4637 Leonis
615 4581 691 4634 XIII
706 4580 744 4635 ad
759 4580 864 4652 Episc.‚
876 4584 942 4638 cler.
956 4594 984 4638 et
998 4599 1064 4652 pop.
1079 4581 1150 4649 Ital,
1168 4596 1176 4633 1
1184 4594 1196 4650 5
1213 4581 1277 4635 Oct.
1295 4581 1369 4649 1890.

324 4670 348 4710 2.
367 4657 483 4729 Encycl.
499 4663 669 4716 Humanum
679 4677 780 4731 genus.
