3496 5482
872 495 1038 507 ἡ
1305 498 1561 510 *Μ-

309 548 356 616 20
711 562 813 615 ,Para
841 563 900 610 srr
928 562 1001 610 nnx
1032 562 1157 612 RomAE.
1214 608 1216 612 r

377 667 953 676 ..—-—..—-————-.---——-----——
964 670 968 674 .
990 669 1385 678 .-——....---.—-........
1407 671 1562 677 ..v—0.-—

306 744 413 812 state,
447 727 619 799 libertate
652 742 690 798 et
722 723 952 820 plenitudine
977 728 1118 823 jurium
1152 753 1304 800 suorum
1341 746 1567 822 potestatem

306 871 410 920 suam
432 868 607 917 exercere
626 842 865 940 spiritualem,
886 843 1085 918 efficaciter
1104 846 1224 943 magis
1243 863 1281 919 et
1299 844 1497 920 fructuose.

357 961 687 1058 Quemadmodum
707 986 839 1065 revera
867 962 1067 1038 Cnmsrus
1088 964 1322 1060 lususcum
1355 964 1448 1061 lapis
1468 984 1567 1041 esset

306 1081 525 1178 reprobatus
552 1079 601 1153 ab
630 1076 910 1166 aedificantibus,
940 1080 1123 1179 deinceps
1146 1082 1300 1156 “factus
1326 1102 1383 1156 est
1403 1084 1438 1156 in
1457 1103 1568 1181 caput
1633 1176 1635 1181 .
1724 1086 1727 1091 ’

232 1275 233 1278 ,
304 1198 441 1297 anguli,
464 1198 514 1272 ita
532 1215 573 1271 ut
592 1222 666 1271 non
687 1197 722 1270 in
743 1195 816 1270 alio
842 1197 968 1295 aliquo
987 1198 1041 1272 sit⁴
1054 1198 1153 1273 salus
1176 1197 1216 1298 (¹)
1238 1200 1278 1287 ”;
1298 1200 1400 1275 itaet
1425 1202 1567 1288 Petrus

306 1319 438 1395 vivens
456 1318 578 1393 adhuc
598 1318 633 1391 iu
650 1317 876 1393 Successore
890 1318 1026 1402 suo,ita
1040 1319 1211 1393 Vicarius
1227 1321 1395 1419 ejusdem
1412 1309 1565 1407 Christi,

305 1462 388 1510 cum
422 1436 522 1533 prius
552 1422 717 1510 exstaret
735 1452 843 1533 petra
875 1461 943 1510 seu
975 1434 1068 1534 lapis
1089 1436 1307 1510 offensionis
1331 1462 1398 1534 pro
1430 1437 1473 1509 iis
1504 1438 1567 1535 qui

304 1553 559 1649 spoliaverunt
574 1578 670 1638 eum,
681 1578 778 1627 nunc
792 1553 929 1628 factum
946 1572 1004 1628 est
1019 1552 1307 1628 fundamentum
1323 1554 1381 1628 cui
1401 1554 1569 1628 innititur

307 1701 379 1748 non
394 1691 537 1747 tantum
550 1690 629 1746 tota
647 1672 826 1748 Ecclesiae
838 1673 1034 1771 disciplina
1051 1672 1332 1770 spiritualis,sed
1347 1673 1440 1747 ordo
1455 1673 1566 1747 etiam

274 1798 277 1805 '
304 1791 450 1866 socialis
468 1809 506 1867 et
525 1790 724 1865 materialis
739 1791 944 1878 universus
958 1792 1010 1867 ita
1027 1810 1069 1866 ut
1088 1817 1162 1864 non
1182 1791 1291 1866 detur
1310 1791 1411 1864 salus
1431 1791 1467 1864 in
1495 1791 1567 1864 alio

303 1912 438 2012 aliquo,
455 1911 523 1986 nisi
538 1912 573 1985 in
590 1913 671 2010 ipso
687 1908 867 1986 Pontifice
882 1913 1212 1987 Roman0.Verum
1229 1911 1423 1987 enimvero
1439 1911 1567 2006 videre

303 2049 361 2105 est
373 2030 486 2104 totius
500 2030 718 2127 ordinis,qui
736 2056 832 2103 nunc
845 2029 1287 2127 pericli-tarueexemplar
1305 2047 1342 2103 et
1361 2029 1566 2103 remedium

283 2148 340 2222 in
356 2147 536 2223 Pontifice
556 2166 665 2223 aucto
680 2146 851 2221 libertate
870 2146 931 2221 illa
944 2174 1019 2245 qua
1045 2147 1272 2221 moderatrix
1290 2147 1455 2219 omnium
1479 2146 1568 2221 Pro·

304 2265 470 2340 videntia
500 2265 619 2363 ipsum
639 2266 793 2351 dotavit,
816 2265 1046 2362 plenitudine
1066 2263 1206 2339 scilicet
1236 2266 1401 2349 omnium
1427 2265 1566 2362 jurium

308 2385 502 2470 Primatus,
534 2402 572 2457 et
606 2384 847 2479 exemptione
869 2384 924 2456 :ab
951 2384 1053 2456 omni
1079 2382 1151 2456 alia
1172 2382 1422 2481 juridictione,
1447 2382 1567 2480 Regia

186 2582 191 2592 ,
304 2520 491 2600 potestate
514 2501 629 2575 Urbis
651 2502 783 2574 Romae
802 2499 1008 2576 obfirmata.

357 2620 510 2694 Etenim
551 2618 843 2692 vociferantibus
878 2637 916 2692 et
956 2617 1305 2716 blasphemantibus
1341 2618 1567 2692 socialistis:
1612 2631 1614 2634 ’

308 2738 432 2811 “Non
450 2738 500 2811 sit
517 2736 625 2809 Deus
637 2737 655 2763 '³
666 2778 717 2788 -
736 2755 886 2832 oportet
899 2736 1146 2810 exhibeamus
1162 2736 1197 2809 in
1211 2734 1441 2832 plenitudine
1455 2738 1566 2834 maje-

303 2838 410 2930 statis
428 2880 506 2939 suae
525 2854 712 2927 Vicarium
735 2855 864 2950 ipsius¹
880 2853 965 2940 Dei,
988 2854 1187 2951 praeditum
1215 2878 1361 2927 summa
1379 2871 1567 2951 potestate

290 2999 377 3072 ·qua
395 2973 496 3047 solus
514 2972 752 3070 omnipotens
785 2971 891 3046 Deus
912 2998 998 3046 eum
1018 2971 1196 3071 singulari
1218 2971 1373 3046 consilio
1396 2973 1563 3058 munivit,

303 3091 408 3191 cujus
434 3090 551 3163 virtus
570 3115 654 3164 sese
683 3088 852 3167 extendit
879 3089 914 3162 in
940 3088 1088 3163 Coelum
1110 3115 1237 3186 usque,
1257 3089 1363 3186 cujus
1381 3089 1566 3164 durationi

304 3237 378 3285 non
398 3208 656 3307 praevalebunt
675 3228 793 3306 portae
812 3207 930 3295 inferi,
952 3211 1057 3308 cujus
1077 3208 1336 3283 excellentiam
1365 3234 1565 3306 supernam

304 3346 513 3429 agnoscunt
531 3346 644 3425 atque
664 3327 898 3424 proclamant
923 3329 1085 3402 ducenta
1104 3325 1217 3401 millia
1240 3327 1394 3400 millium
1413 3329 1565 3402 catholi-

304 3476 442 3534 corum,
472 3449 765 3547 cujusdemque
796 3448 956 3548 gloriam
986 3448 1086 3523 haud
1115 3448 1316 3522 humanam
1350 3466 1566 3522 reverentur

304 3587 418 3666 atque
446 3569 625 3641 mirantur
660 3568 852 3665 Principes
878 3592 1011 3640 omnes
1030 3584 1068 3641 et
1089 3565 1263 3652 haeretici,
1284 3582 1321 3639 et
1339 3562 1567 3673 schismatici

305 3704 342 3760 et
361 3684 538 3760 infideles
1442 3688 1448 3698 ’

355 3804 656 3880 Vociferantibus
681 3824 719 3881 et
734 3805 979 3880 delirantibus
999 3804 1229 3880 Socialistis:
1250 3814 1271 3843 ‘¹
1290 3803 1372 3877 Nec
1390 3805 1439 3876 sz't
1454 3804 1567 3877 herus

304 3923 440 3996 ullus!
457 3923 474 3949 '¹
511 3942 659 4020 oportet
688 3925 931 3997 ostendamus
966 3923 1002 3996 in
1034 3921 1267 4020 plenitudine
1300 3922 1565 3997 dominationis

304 4067 381 4114 suae
404 4041 551 4115 Patrem
575 4043 788 4138 Principum
808 4060 921 4138 atque
947 4042 1107 4140 Regum,
1132 4042 1333 4115 Rectorem
1357 4041 1459 4115 orbis
1486 4041 1563 4114 uni·

305 4158 480 4256 versi,qui
500 4161 558 4233 hic
579 4159 614 4232 in
635 4161 741 4234 terris
757 4159 845 4233 nulli
868 4159 1047 4255 potestati
1068 4158 1264 4257 temporali
1284 4177 1342 4232 est
1361 4159 1561 4257 subjectus.

349 4277 656 4381 'Vociferantibus
683 4298 720 4351 et
741 4277 1001 4375 injuriantibus
1022 4277 1231 4351 Socialistis
1250 4301 1258 4351 :
1280 4277 1397 4351 “Nec
1414 4279 1562 4373 sz'tpro·

295 4396 443 4492 prz'elas
461 4394 571 4467 ulla!
589 4393 605 4420 ‘¹
626 4413 774 4490 oportet
796 4394 1081 4468 manifestemus
1106 4395 1384 4492 possessionem
1416 4410 1454 4467 et
1481 4418 1563 4491 pro·

304 4513 501 4611 prietatem
537 4512 846 4609 antiquissimam,
861 4512 1110 4612 justissimam
1130 4532 1243 4612 atque
1274 4513 1561 4611 pacatissimam,

328 4654 374 4662 ,-
378 4652 461 4658 -..-..
465 4652 602 4659 --—-.—-
606 4653 825 4660 m—

343 4718 364 4759 r.
384 4705 458 4774 Act,
473 4717 512 4775 tv,
530 4719 626 4775 11,12.
