3496 5482
619 538 743 590 carus
770 536 977 589 snprnrurr.
1282 573 1286 583 .
1360 519 1429 608 169

168 696 293 794 doque
313 698 488 771 universo
506 698 751 773 ostenderunt
770 697 1031 798 inauguratum
1050 699 1255 772 satanicum
1271 718 1427 792 regnum

170 817 207 890 in
231 817 343 891 Alma
365 818 472 893 Urbe
490 819 687 893 dominans
701 837 741 893 ut
757 819 844 893 inde
858 819 970 918 longe
981 818 1130 915 lateque
1147 815 1321 890 diffusum
1337 812 1429 887 anti·

169 959 282 1032 quam
306 937 469 1034 Europae
488 936 706 1011 societatem
736 937 902 1012 funditus
925 955 1121 1013 everteret.
1146 935 1233 1008 Huc
1261 949 1430 1024 spectare

170 1053 373 1128 videbatur
388 1053 475 1128 illud
490 1054 591 1152 quod
605 1054 667 1130 die
684 1056 926 1130 Pentecostes
940 1056 1028 1129 anni
1049 1057 1142 1146 1889
1157 1053 1290 1127 Romae
1302 1040 1430 1124 erexe-

169 1191 256 1247 runt
289 1172 439 1272 signum
468 1191 650 1269 apostatae
685 1174 822 1248 Bruno.
846 1173 908 1248 De
934 1198 1007 1271 qua
1038 1197 1183 1247 summa
1210 1167 1369 1244 'audacia
1393 1184 1431 1242 et
1516 1264 1518 1269 .
1610 1180 1611 1184 ’

171 1289 369 1386 impietate
388 1289 466 1363 haec
485 1289 579 1364 dixit
593 1275 731 1369 Christi
743 1290 937 1366 Vicarius:

224 1407 390 1506 “Opus
381 1433 416 1481 rn
433 1409 561 1504 primis
579 1425 704 1483 sectae
718 1408 956 1484 Massonicae
968 1408 1144 1508 dignum
1138 1409 1145 1462 l
1162 1405 1314 1481 Erectio
1329 1348 1431 1477 vide-

170 1523 255 1600 licet
274 1526 504 1603 monumenti
524 1525 660 1622 publici
679 1526 823 1601 famoso
840 1545 1035 1625 apostatae
1052 1525 1213 1610 Nolano,
1240 1550 1262 1616 a
1284 1524 1431 1597 Masso-

172 1643 280 1717 nibus
307 1643 445 1717 iamdiu
469 1644 631 1728 decreta,
654 1644 837 1719 instanter
863 1664 1035 1742 promota
1063 1670 1105 1719 ac
1136 1643 1298 1740 denique
1329 1641 1432 1715 adiu·

171 1761 346 1837 vantibus
375 1763 427 1835 rei
457 1761 627 1859 publicae
660 1763 865 1838 rectoribus
894 1763 941 1837 ad
973 1763 1085 1837 finem
1116 1761 1305 1859 perducta.
1319 1759 1433 1835 Secta
1507 1820 1511 1824 .

100 1897 102 1901 ’
172 1880 341 1955 eiusdem
378 1881 610 1955 monumenti
646 1906 800 1977 scopum
832 1880 1010 1967 confiteri,
1046 1878 1432 1979 significationemque

173 1996 294 2095 palam
314 1998 556 2072 edicere‘non
577 1999 747 2073 erubuit:
992 1987 994 1990 ’
1460 1989 1462 1995 ’

227 2115 397 2215 “Scopas
413 2117 586 2215 equidem
608 2118 667 2192 hic
688 2119 764 2204 fuit,
787 2119 822 2192 in
846 2120 1059 2193 Romanum
1091 2117 1308 2193 Pontificem
1326 2118 1432 2194 Chri-

173 2234 296 2332 stique
326 2237 528 2334 genuinam
559 2235 777 2336 religionem
807 2237 986 2312 divinitus
1020 2236 1222 2312 revelatam
1251 2237 1432 2334 probrum

176 2378 351 2430 rnucere:

228 2483 249 2512 “
269 2473 505 2572 Significatr'o
534 2491 659 2548 autem
679 2473 770 2549 haec
802 2490 882 2548 est:
912 2472 1116 2549 catholicae
1145 2473 1231 2549 fidei
1258 2472 1433 2549 substitui

175 2593 491 2669 absolutissimam
521 2594 732 2670 libertatem
766 2595 958 2680 examinis,
983 2595 1137 2682 critices,
1175 2595 1361 2694 cogitatus
1396 2609 1434 2668 et

174 2713 424 2787 conscientiae
444 2710 498 2812 (’)
516 2714 535 2740 ”
557 2715 647 2788 Uno
677 2713 794 2789 verbo
821 2713 991 2810 putidum
1020 2711 1300 2788 naturalismum
1318 2730 1357 2788 et
1371 2737 1433 2809 pa·

175 2834 386 2932 ganismum
401 2834 694 2934 abjectissimum
715 2835 751 2909 in
771 2835 914 2909 ruinam
933 2834 1146 2909 Societatis.

227 2965 248 2992 ‘⁶
272 2952 360 3026 Huc
380 2952 548 3027 flammas
580 2953 743 3030 invidiae
762 2953 928 3049 undique
946 2950 1127 3026 vcollectas
1159 2953 1373 3039 admovent,
1394 2969 1435 3027 ut
1558 2950 1561 2959 ’

176 3072 272 3146 hanc
304 3073 497 3148 Ecclesiae
526 3073 731 3149 catholicae
749 3073 852 3148 velut
883 3097 1006 3148 arcem
1025 3073 1156 3159 adorti,
1189 3072 1435 3169 opportunius
1464 3082 1466 3087 ’

176 3189 376 3266 moliantur
389 3191 509 3288 ipsum
524 3191 686 3289 lapidem
702 3191 931 3291 angularem,
952 3216 1028 3289 quo
1041 3189 1102 3266 illa
1115 3191 1243 3265 nititur
1257 3190 1433 3276 funditus,

64 3338 67 3344 ·
176 3307 206 3381 si
226 3307 304 3382 fieri
320 3326 457 3405 posset,
480 3327 662 3384 evertere.
692 3307 696 3314 ’

230 3426 562 3501 “Monumentum
600 3444 770 3501 statuunt
802 3427 838 3501 in
871 3427 1031 3526 publico,
1062 3451 1137 3525 quo
1165 3444 1368 3502 contumax
1399 3426 1436 3501 in
1552 3438 1553 3443 ’

179 3543 385 3618 Ecclesiam
401 3544 552 3641 spiritus
572 3546 779 3643 posteritati
793 3545 1086 3631 commendetur,
1104 3543 1290 3643 simulque
1305 3545 1436 3620 docea·

143 3680 145 3685 ’
178 3678 236 3735 tur
254 3660 412 3759 capitale
431 3688 514 3736 cum
530 3663 714 3738 catholico
735 3663 885 3737 nomine
904 3663 984 3762 geri
1003 3660 1140 3737 bellum
1161 3662 1317 3760 placere.

229 3789 249 3817 ⁴⁸
262 3781 417 3879 Augent
436 3779 640 3855 honoribus
658 3779 848 3854 hominem
874 3779 1083 3878 dupliciter⁴
1098 3781 1330 3880 transfugam
1350 3778 1437 3854 hae·
1539 3796 1541 3801 '

177 3897 331 3971 reticum
359 3893 494 3973 iirdicio
540 3898 804 3972 convictum...
845 3898 923 3973 Sua
958 3899 1098 3997 quippe
1134 3899 1255 3995 ipsum
1300 3897 1438 3995 scripta

167 4015 399 4113 panlfiez'smz'
426 4035 587 4115 arguunt
605 4017 803 4119 turpisque
821 4017 1086 4091 materialismz'
1100 4032 1332 4090 sectatorem.

228 4144 249 4173 “
268 4134 464 4210 Sectarum
477 4133 672 4209 consilium
686 4152 743 4208 est
762 4151 876 4231 atque
895 4161 989 4232 opus
1001 4160 1085 4208 cum
1109 4132 1279 4207 Ecclesia
1299 4134 1437 4208 Roma·

177 4278 300 4350 noque
315 4253 535 4329 Pontificatu
555 4254 699 4329 infinito
716 4255 805 4329 odio
822 4273 936 4351 atque
956 4253 1085 4328 ultima
1099 4253 1338 4329 dimicatione
1349 4278 1436 4329 con-

179 4372 321 4472 fiigunt.

230 4493 452 4591 “Quodque
484 4495 645 4569 maxime
671 4494 846 4570 horribile
870 4511 1015 4568 estnec
1041 4493 1194 4568 deluere
1215 4495 1324 4594 signa
1351 4518 1434 4567 cum

216 4711 238 4751 1.
254 4697 344 4766 Epist.
354 4700 391 4753 ad
405 4698 510 4769 Episc,
524 4701 592 4755 cler.
605 4710 632 4754 et
646 4717 711 4770 pop.
727 4700 788 4755 Ital.
804 4713 832 4771 ις
847 4701 911 4755 Oct.
926 4700 1004 4764 1890.
