3496 5482
626 525 816 531 -—-—-—-
831 523 1066 530 ---··--——--
1087 520 1496 528 --.——-——--—--—-

243 585 313 655 134
649 588 742 638 nana
770 587 829 639 srr
857 587 930 637 nux
959 586 1085 638 nona.

293 748 350 849 (7)
380 761 401 791 “
430 751 540 847 Quae
566 769 690 826 autem
721 768 1013 825 commemorata
1048 767 1135 824 sunt
1166 748 1254 823 illud
1277 749 1497 824 confirmare

244 878 265 907 ‘⁸
287 887 414 966 potest
426 897 499 946 non
526 890 601 945 tam
621 897 670 956 re,
690 896 802 968 quam
821 870 921 944 dictu
941 869 1183 966 inopinatum.
1204 869 1301 944 Cum
1313 870 1413 944 enim
1432 868 1498 944 ho·

242 997 264 1028 ‘⁸
283 991 444 1065 minibus
459 992 619 1067 versutis
638 1010 675 1065 et
693 991 834 1065 callidis
859 1015 971 1065 nemo
997 989 1074 1065 lere
1092 989 1211 1064 soleat
1238 1008 1315 1063 tam
1334 989 1498 1064 obnoxie

241 1117 262 1146 ‘⁸
286 1109 436 1197 servire,
451 1135 563 1207 quam
576 1135 735 1209 quorum
749 1129 807 1184 est
825 1109 1070 1210 cupiditatum
1085 1108 1278 1181 dominatu
1297 1127 1499 1183 enervatus

241 1232 262 1262 ⁴⁶
283 1242 321 1298 et
355 1226 492 1302 fractus
523 1228 678 1314 animus,
712 1228 847 1325 reperti
871 1227 907 1300 in
936 1242 1039 1300 secta
1064 1225 1288 1299 Massonum
1315 1244 1411 1308 sunt,
1434 1226 1498 1322 qui

241 1349 263 1380 “
284 1342 473 1418 edicerent
490 1370 533 1418 ac
560 1365 822 1442 proponerent,
854 1342 1009 1418 consilio
1039 1359 1077 1417 et
1105 1361 1185 1417 arte
1215 1341 1433 1418 enitendum
1459 1359 1500 1415 ut

239 1467 262 1498 “
281 1458 423 1535 infinita
449 1463 624 1537 vitiorum
642 1461 792 1536 licentia
809 1474 1045 1535 exsaturetur
1069 1459 1290 1534 multitudo:
1309 1460 1380 1533 hoc
1399 1457 1499 1531 enim

243 1587 263 1614 “
283 1576 390 1664 lacto,
411 1580 448 1653 in
478 1598 665 1677 potestate
689 1580 760 1654 sibi
787 1598 826 1655 et
852 1580 1005 1653 arbitrio
1031 1578 1078 1651 ad
1107 1576 1297 1676 quaelibet
1327 1573 1500 1651 audenda

244 1706 265 1732 ‘⁴
285 1695 392 1771 facile
410 1697 584 1773 futurum.

291 1828 344 1890 18.
364 1815 408 1890 C.
426 1861 477 1873 -
495 1817 639 1913 Quom>
657 1841 856 1891 Fanrnnuu.
880 1828 900 1856 ‘⁶
920 1817 1033 1913 Quod
1061 1816 1108 1889 ad
1133 1815 1343 1888 convictum
1368 1815 1503 1890 attinet

124 1935 134 1947 “
245 1941 265 1970 “
277 1933 595 2023 domesticum‚his
608 1936 684 2011 lere
698 1937 910 2011 continetur
926 1936 1049 2010 omnis
1064 1934 1379 2009 Naturalistarum
1394 1937 1501 2010 disci·

243 2062 264 2091 ‘⁸
284 2052 393 2150 plina.

292 2171 351 2271 (1)
372 2185 392 2213 ‘⁴
414 2175 696 2250 Matrimonium
715 2176 762 2249 ad
782 2176 1016 2274 negotiorum
1036 2175 1376 2251 contrabendorum
1391 2174 1502 2272 perti·

244 2301 264 2328 ‘⁶
285 2316 374 2366 nere
391 2318 512 2393 genus
534 2322 542 2379 ;

293 2412 511 2487 “Rescindi
540 2413 588 2487 ad
616 2412 846 2488 voluntatem
876 2438 1016 2500 eorum,
1045 2413 1108 2510 qui
1138 2411 1392 2486 contraxerint
1424 2412 1503 2485 iure

240 2535 261 2565 ‘⁶
280 2553 392 2624 posse
409 2557 418 2617 ;
1492 2534 1496 2540 '

297 2655 316 2684 “
338 2648 459 2725 Penes
482 2650 753 2751 gubernatores
772 2651 823 2724 rei
842 2647 961 2724 civilis
980 2673 1063 2723 esse
1077 2648 1113 2722 in
1127 2647 1296 2722 maritale
1314 2647 1503 2721 vinculum

244 2777 264 2805 “
283 2785 521 2863 potestatem.
537 2768 555 2797 ''

296 2884 408 2959 Hanc
423 2886 616 2961 bestialem
631 2887 838 2962 doctrinam
854 2903 893 2960 ut
905 2911 994 2960 vere
1009 2885 1263 2958 Massonicam
1278 2901 1408 2982 aperte
1419 2909 1504 2980 pro-

242 2998 417 3076 clamavit
439 3004 660 3079 Massonum
686 3006 761 3079 dux
788 3031 985 3102 supremus
1010 3003 1166 3087 Lemmi,
1192 3003 1381 3087 Bononiae,
1404 3027 1503 3076 anno

248 3121 370 3210 1892:
398 3121 520 3196 “Plus
549 3124 596 3199 de
627 3124 717 3200 base
748 3122 1029 3198 sacramentelle
1047 3121 1069 3193 *a
1088 3119 1122 3194 la
1150 3118 1296 3193 samille.
1321 3119 1505 3216 L'unique

241 3258 451 3314 sacrement
481 3260 539 3316 est
564 3242 726 3317 l’amour.
751 3244 806 3316 Le
825 3242 991 3340 mariage
1008 3238 1092 3313 civil
1116 3238 1245 3324 admis‚
1267 3246 1436 3312 entralne
1462 3263 1505 3310 sa

240 3357 502 3454 consequence
523 3362 753 3435 necessaire:
773 3361 806 3435 le
825 3361 976 3434 divorce
995 3355 1049 3456 (¹).
1067 3357 1083 3383 ”

294 3470 351 3572 (2)
374 3476 448 3550 “ln
467 3477 671 3553 educandis
689 3479 813 3554 liberis
828 3477 917 3551 nihil
937 3478 985 3551 de
1004 3474 1184 3574 religione
1196 3473 1444 3570 praecipiatur
1458 3499 1505 3546 ex

245 3601 386 3667 “certa
408 3597 669 3697 destinataque
688 3599 896 3685 sententia;
916 3598 1103 3694 integrum
1134 3590 1289 3691 singulis
1307 3610 1399 3678 esto,
1421 3617 1504 3665 cum

244 3720 265 3749 “
285 3715 490 3793 adoleverit
510 3737 623 3807 aetas,
644 3721 745 3819 quod
760 3719 956 3794 maluerint
983 3714 1100 3812 sequi.

294 3835 450 3932 “Atqui
481 3838 573 3913 haec
600 3839 679 3935 ipsa
702 3838 955 3913 assentiuntur
986 3833 1095 3932 plane
1129 3831 1353 3915 Massones;
1385 3854 1506 3925 neque

243 3961 264 3988 ‘⁸
284 3955 539 4030 assentiuntur
556 3957 686 4042 solum,
707 3957 773 4030 sed
794 3955 932 4029 iamdiu
951 3952 1103 4026 student
1123 3950 1160 4020 in
1181 3973 1322 4021 morem
1348 3972 1505 4021 consue-

243 4080 263 4109 “
284 4074 526 4174 tudinemque
545 4076 740 4150 deducere.
760 4076 891 4148 Multis
912 4075 984 4146 iam
1004 4073 1040 4144 in
1057 4066 1282 4167 regionibus,
1298 4065 1505 4162 iisdemque

245 4192 454 4267 “catholici
486 4196 656 4281 nominis,
678 4196 921 4269 constitutum
950 4210 1008 4265 est
1037 4206 1086 4273 ut,
1109 4203 1256 4284 praeter
1287 4186 1505 4259 coniunctas

242 4317 262 4346 “
283 4309 353 4383 ritu
372 4312 479 4396 civili,
502 4313 621 4387 iustae
640 4338 686 4387 ne
702 4313 910 4386 habeantur
928 4308 1080 4405 nuptiae
1099 4335 1106 4392 ;
1127 4302 1212 4376 alibi
1233 4302 1394 4375 divortia
1413 4299 1502 4386 fieri,

243 4435 263 4464 ⁴⁶
282 4426 366 4527 lege
381 4427 465 4505 licet
486 4459 494 4519 ;
513 4429 610 4517 alibi,
628 4450 668 4506 ut
686 4431 960 4529 quamprimum
980 4426 1098 4509 liceat,
1112 4423 1222 4495 datur
1236 4445 1359 4516 opera.
1385 4421 1443 4492 lta
1457 4419 1505 4491 ad

243 4555 264 4583 “
282 4544 371 4618 illud
388 4546 536 4622 festinat
555 4575 693 4636 cursus,
716 4567 755 4622 ut
775 4545 1010 4621 matrimonia
1030 4544 1065 4615 in
1085 4540 1194 4613 aliam
1223 4556 1391 4611 naturam
1419 4561 1505 4609 con·

278 4764 299 4802 ι.
314 4749 379 4817 Mgr
389 4747 425 4803 de
439 4750 609 4818 merenas,
624 4753 699 4806 Llon
712 4751 800 4816 XIII,
814 4761 832 4804 t.
850 4750 887 4813 ll,
902 4766 927 4817 p.
947 4762 1003 4801 122.
