3496 5482
1211 488 1617 496 —————-——-—-

365 551 431 599 112
769 547 863 598 PAPA
889 547 949 598 SIT
977 549 1051 598 REX
1081 548 1208 600 ROMAE.

362 719 382 746 “
400 724 599 806 penetrant
623 708 758 780 domos
776 725 813 779 et
832 707 1000 803 captivas
1019 708 1159 780 ducunt
1179 706 1423 793 mulierculas,
1445 723 1619 781 oneratas

360 826 532 924 peccatis,
553 850 638 923 quae
657 825 843 899 ducuntur
862 825 974 899 variis
992 825 1188 900 desideriis
1209 824 1252 925 (¹)
1270 826 1316 900 ?”

413 945 464 1019 Et
484 944 521 1019 hi
540 943 603 1042 qui
623 968 772 1041 semper
802 942 838 1016 in
866 968 932 1017 ore
961 943 1103 1018 habent
1132 943 1274 1018 fallacia
1304 945 1419 1018 verba
1450 944 1504 1018 uti
1531 961 1619 1018 sunt

361 1065 549 1151 “libertas,
564 1063 1042 1162 cequalr'tas,fraternitas”,
1057 1089 1182 1140 nonne
1202 1063 1394 1138 imitantur
1409 1063 1615 1150 haereticos,

360 1183 561 1281 dequibus
580 1182 631 1256 ait
650 1180 689 1256 S.
712 1181 868 1256 Petrus:
890 1181 1099 1280 “Superba
1127 1180 1371 1280 loquentes...
1405 1181 1618 1257 libertatem

360 1303 632 1401 promittentes,
653 1326 737 1376 cum
756 1301 826 1398 ipsi
845 1301 943 1375 servi
963 1301 1037 1376 sint
1048 1302 1296 1400 corruptionis
1308 1300 1352 1402 (²)
1368 1302 1415 1377 ?’'

411 1420 548 1516 Quoad
568 1418 815 1494 substantiam
836 1419 912 1494 sere
937 1444 1069 1495 omnes
1085 1438 1208 1508 sectae,
1229 1439 1304 1495 tam
1323 1421 1488 1519 antiquae
1505 1446 1617 1519 quam

360 1539 473 1615 medii
510 1538 591 1626 aevi,
611 1536 681 1612 hos
718 1555 917 1612 tenuerunt
945 1562 1100 1626 errores,
1133 1563 1241 1636 aeque
1271 1564 1315 1613 ac
1349 1540 1550 1616 Massones
1581 1558 1620 1616 et

360 1656 581 1734 socialistae:

414 1775 504 1850 Non
523 1775 632 1849 datur
650 1772 719 1847 nisi
739 1771 899 1871 populus
918 1773 1048 1848 unicus
1065 1801 1072 1847 :
1090 1799 1212 1872 genus
1231 1775 1447 1850 humanum.

415 1895 505 1969 Non
523 1894 632 1967 datur
651 1892 720 1966 nisi
741 1892 870 1967 unicus
889 1892 1088 1991 princeps:
1107 1919 1229 1993 genus
1248 1895 1463 1970 humanum.

413 2012 503 2086 Non
521 2011 631 2085 datur
649 2010 719 2084 nisi
739 2009 869 2085 unicus
887 2010 1175 2109 proprietarius:
1194 2038 1314 2111 genus
1334 2014 1549 2088 humanum.

414 2130 551 2206 Nullus
565 2130 658 2204 civis
676 2130 817 2230 gaudet
830 2131 916 2229 jure
935 2130 1059 2229 aliquo
1078 2132 1239 2230 privato.

412 2251 559 2327 Omnes
579 2250 751 2326 homines
770 2250 873 2348 paria
891 2249 1032 2325 habent
1045 2251 1133 2349 jura
1151 2270 1264 2350 atque
1282 2251 1414 2328 officia.

414 2373 641 2448 Destruatur
661 2369 818 2458 familia;
838 2389 959 2446 cesset
986 2372 1133 2469 privata
1146 2372 1379 2472 proprietas;
1399 2374 1525 2448 omnia
1543 2374 1617 2450 sint

361 2491 584 2578 communia,
605 2490 718 2565 etiam
739 2488 898 2563 leminae.

414 2610 642 2684 Destruatur
662 2605 841 2682 Ecclesia.

414 2726 586 2802 Potestas
604 2725 722 2801 civilis
741 2725 789 2799 sit
808 2726 1078 2822 impersonalis.

411 2861 444 2923 5.
478 2846 555 2920 Sed
581 2846 715 2918 iterum
744 2843 938 2918 audiamus
963 2845 1169 2919 Doctorem
1198 2844 1428 2920 infallibilem
1456 2847 1620 2944 pressius

359 2972 603 3045 disserentem
627 2965 675 3038 de
696 2965 918 3038 Massonum
943 2990 1067 3063 scopo,
1091 2967 1155 3063 qui
1174 2965 1267 3040 alius
1288 2986 1448 3053 nonest,
1473 2967 1525 3040 uti
1539 2968 1619 3066 jam

360 3090 532 3174 vidimus,
542 3111 654 3184 quam
673 3085 820 3159 eversio
840 3086 1036 3182 potestatis
1056 3086 1271 3182 temporalis
1291 3105 1329 3160 et
1348 3086 1486 3160 deinde
1505 3088 1618 3161 etiam

360 3205 560 3305 spiritualis
579 3205 618 3278 S.
641 3203 762 3288 Sedis,
784 3203 989 3277 destructio
1014 3229 1114 3277 verae
1136 3203 1316 3279 Ecclesiae
1337 3223 1374 3278 et
1388 3205 1617 3293 substitutio,

361 3326 398 3400 in
418 3326 498 3422 ejus
517 3324 649 3410 locum,
672 3321 902 3395 naturalismi
922 3323 1071 3421 pagani.

414 3442 545 3516 “Hoc
573 3460 698 3515 autem
727 3460 906 3535 tempore,
938 3442 1001 3538 qui
1027 3442 1274 3516 deterioribus
1300 3443 1427 3517 lavent
1453 3443 1620 3540 partibus

363 3573 384 3601 ‘⁴
403 3560 579 3635 videntur
596 3558 704 3633 simul
723 3559 936 3654 conspirare
965 3559 1371 3658 vehementissimeque
1390 3562 1512 3636 cuncti
1532 3588 1619 3636 con-

364 3694 384 3723 “
404 3683 568 3768 tendere,
577 3700 727 3755 auctore
740 3700 777 3755 et
792 3680 971 3756 adiutrice
990 3708 1165 3781 ea,quam
1181 3685 1401 3758 Massonum
1416 3685 1617 3783 appellant,

363 3813 384 3842 “
403 3800 515 3900 longe
530 3799 679 3897 lateque
693 3797 827 3872 diflusa
846 3818 884 3873 et
903 3798 1057 3874 firmiter
1068 3802 1271 3875 constituta
1290 3802 1483 3876 hominum
1503 3804 1619 3878 socie·

364 3930 384 3960 “
404 3937 490 3993 tate.
514 3918 531 3945 ”

411 4053 444 4113 6.
482 4035 669 4134 Imprimis
695 4034 890 4109 verbulum
918 4034 1123 4110 habeamus
1141 4037 1189 4111 de
1209 4036 1379 4112 sabulosa
1398 4039 1620 4136 antiquitate

361 4182 473 4256 quam
492 4171 605 4229 sectae
624 4179 701 4226 suae
720 4153 926 4227 attribuunt
948 4154 1161 4229 Massones.
1185 4155 1356 4230 Proiecto
1371 4159 1513 4256 antiqui
1533 4176 1620 4232 sunt

361 4300 456 4375 quos
487 4271 709 4371 profitentur
739 4296 893 4346 errores.
927 4272 1005 4345 Sed
1038 4273 1265 4348 contendere
1284 4277 1395 4373 quod,
1429 4303 1497 4350 ceu
1516 4295 1619 4350 secta

361 4397 573 4480 constituta,
607 4394 790 4493 originem
810 4392 947 4468 habeat
973 4394 1052 4492 jam
1072 4394 1119 4467 ab
1138 4394 1300 4480 Adam0,
1329 4414 1367 4471 et
1385 4396 1486 4494 quod
1520 4397 1617 4484 Noe,

397 4562 422 4682 i.
442 4546 479 4680 ll
491 4546 681 4694 22’‚1111}'169
704 4654 738 4664 —
757 4624 799 4679 Cf.
815 4625 850 4678 D.
867 4625 896 4678 P.
911 4624 1022 4692 Benoit,
1046 4625 1089 4678 La
1112 4626 1405 4697 Fratre-rrwfonnm'e,
1419 4639 1438 4681 t.
1455 4628 1493 4694 ll,
1507 4644 1571 4697 pag.
1585 4627 1619 4695 98

362 4717 390 4765 et
403 4723 462 4779 seq.
