3496 5482
1416 531 1571 540 ..ψ

316 568 362 638 28
723 590 816 640 ΡΑΡΑ
843 589 904 640 srr
931 589 1006 670 nux
1036 589 1162 639 noum.

313 774 492 847 personas
516 767 641 825 autem
669 748 939 825 ecclesiasticas
959 751 1185 848 praecipuam
1214 777 1298 826 esse
1316 752 1472 849 -Papam,
1489 755 1573 852 quis

311 891 369 947 est
401 873 464 970 qui
495 873 651 959 dubitet,
685 873 919 971 proindeque
955 873 1017 971 jus
1055 873 1298 946 immunitatis
1338 874 1574 949 ordinatione

302 991 446 1079 divina,
466 993 496 1065 si
525 993 646 1067 minus
673 992 834 1090 positiva
868 993 967 1076 (cum
999 991 1059 1066 lex
1086 993 1248 1090 positiva
1276 1018 1454 1090 expresse
1495 1019 1569 1069 non

199 1174 201 1179 ,
233 1190 236 1199 Ι
310 1110 460 1211 exstet),
481 1129 539 1185 ast
558 1129 658 1186 certe
679 1109 845 1196 naturali,
867 1110 981 1185 fuisse
1000 1109 1214 1185 statutum?

363 1231 611 1305 “Dicendum
648 1250 715 1318 est,
737 1231 856 1329 inquit
884 1230 1034 1317 Suarez,
1065 1256 1251 1304 summum
1275 1230 1497 1306 Pontificem
1529 1259 1575 1304 ex

308 1349 434 1424 drivino
448 1349 543 1446 jure
556 1350 696 1425 habere
726 1351 1007 1447 exemptionem
1027 1366 1064 1424 et
1084 1349 1362 1425 immunitatem
1394 1350 1443 1424 ab
1469 1352 1571 1425 omn'i

303 1467 446 1565 judicio
473 1494 516 1543 ac
540 1468 801 1567 jurisdictione
830 1467 996 1541 saeculari
1024 1467 1137 1542 etiam
1167 1467 1433 1564 imperatorum
1452 1495 1496 1543 ac
1515 1494 1570 1544 re-

308 1609 399 1683 gum
415 1583 505 1685 (¹)·’'

360 1719 393 1779 2.
415 1702 482 1798 Jus
502 1702 623 1798 ipsum
651 1701 907 1786 immunitatis
931 1701 967 1774 in
995 1719 1177 1798 quantum
1211 1700 1380 1784 funditus
1399 1719 1458 1775 est
1476 1701 1569 1774 divi·

303 1847 409 1906 num,
419 1821 546 1918 nequit
565 1822 602 1895 in
615 1840 759 1894 tantum
774 1847 796 1893 a
809 1819 1003 1894 voluntate
1016 1817 1075 1893 vel
1092 1820 1207 1916 ipsius
1220 1820 1355 1893 summi
1374 1818 1569 1893 Pontificis
1618 1819 1620 1822 ’

309 1941 546 2039 dependere;
564 1942 783 2016 exercitium
803 1965 894 2015 vero
913 1938 1009 2014 illius
1018 1940 1125 2039 juris,
1145 1965 1230 2013 curn
1249 1939 1421 2014 absolute
1441 1964 1569 2012 neces·

308 2058 445 2132 sarium
464 2059 609 2145 nonsit,
630 2077 754 2155 potest
772 2058 999 2156 quandoque
1018 2082 1093 2131 non
1105 2074 1266 2142 exstare,
1287 2057 1388 2130 sicut
1408 2056 1456 2130 de
1471 2055 1569 2129 lacto

247 2227 250 2233 -
307 2176 508 2275 aliquando
527 2202 601 2252 non
622 2178 711 2266 suit;
731 2195 930 2276 potestque
949 2177 1069 2275 magis
1098 2177 1269 2250 minusve
1297 2202 1381 2250 esse
1402 2173 1564 2272 plenum.

241 2306 244 2316 '
310 2293 424 2390 Quod
451 2295 700 2392 exemptionis
736 2295 953 2370 exercitium
987 2311 1121 2390 praeter
1149 2295 1270 2390 ipsum
1297 2295 1361 2392 jus
1398 2292 1567 2367 divinum
1611 2279 1614 2286 ⁵

308 2412 452 2513 indiget
473 2439 586 2488 causa
608 2414 732 2511 aliqua
751 2414 1035 2488 determinante.
1060 2413 1167 2501 Haec,
1187 2414 1218 2486 si
1238 2412 1428 2511 objective
1446 2419 1567 2485 suma·
1642 2493 1644 2499 ,

308 2550 376 2618 tur,
391 2533 461 2606 erit
475 2530 614 2605 utilitas
635 2530 939 2628 Ecclesiae;quod
952 2531 982 2604 si
997 2530 1420 2618 efficienter‚habebitur
1438 2546 1565 2603 aucto·

308 2651 396 2724 ritas
411 2648 471 2723 illa
489 2675 675 2747 suprema,
692 2675 777 2746 quae
791 2650 916 2722 omnia
936 2650 972 2721 in
988 2647 1159 2722 Ecclesia
1178 2649 1285 2747 regit,
1300 2648 1473 2721 nimirum
1487 2647 1567 2742 ipsa

306 2769 506 2843 auctoritas
522 2769 683 2870 Romani
707 2766 898 2842 Pontificis
912 2767 969 2840 cui
986 2767 1166 2841 incumbit
1177 2793 1226 2843 ex
1240 2767 1420 2841 mandato
1434 2764 1566 2839 divino

305 2888 326 2987 (
330 2899 347 2928 ‘⁴
364 2889 479 2963 Pasce
500 2915 693 2987 ovesumeus
708 2888 760 2986 ’'),
781 2886 976 2962 consulere
995 2885 1143 2962 utilitati
1166 2887 1346 2962 Ecclesiae
1366 2886 1563 2961 universae.

362 3006 404 3079 ln
426 3006 617 3081 Pontificis
636 3032 728 3106 ergo
748 3025 934 3104 potestate
953 3024 1010 3081 est
1042 3025 1120 3087 tum
1140 3007 1343 3104 praecipere
1362 3005 1496 3080 ceteris
1517 3029 1564 3077 ne

306 3128 549 3219 immunitatis
568 3128 786 3202 exercitium
804 3127 1036 3223 impediatur,
1053 3145 1132 3200 tum
1145 3127 1397 3203 determinare
1412 3124 1565 3198 modum
1675 3207 1676 3212 ,

307 3265 346 3319 ut
372 3248 432 3345 jus
459 3246 547 3320 illud
579 3266 680 3322 recte
711 3269 929 3322 exerceatur
942 3244 985 3346 (²)
1008 3247 1100 3334 ;sed
1129 3247 1201 3348 juri
1234 3247 1304 3343 ipsi
1337 3271 1410 3320 non
1440 3264 1566 3342 potest

307 3365 528 3453 renuntiare,
546 3390 621 3440 non
641 3383 766 3463 potest
791 3363 1012 3439 valedicere.

357 3502 389 3561 3.
407 3484 475 3580 Jus
491 3484 734 3558 immunitatis
747 3483 946 3580 pontificiae
966 3508 1202 3582 nequaquam
1222 3483 1357 3558 acivili
1378 3500 1565 3580 potestate

305 3601 611 3700 originemducit.
636 3603 748 3687 Nam,
764 3603 826 3700 jus
847 3601 945 3687 illud,
962 3603 1102 3699 quippe
1126 3602 1227 3698 quod
1248 3601 1439 3699 proprium
1456 3620 1493 3673 et
1513 3600 1564 3672 in·

305 3721 506 3795 trinsecum
525 3723 712 3807 Primatui
731 3722 859 3818 nequit
876 3722 961 3794 ideo
980 3723 1163 3820 originem
1179 3722 1321 3795 habere
1337 3721 1406 3793 nisi
1420 3719 1468 3794 ab
1484 3721 1564 3815 ipso

307 3840 492 3914 Primatus
529 3840 750 3924 institutore,
780 3840 875 3936 Jesu
896 3839 1080 3914 Curusro.
1118 3839 1170 3913 Et
1206 3838 1398 3937 quomodo
1436 3857 1586 3934 posset¹

304 3958 474 4033 derivare
492 3984 514 4031 a
533 3976 720 4053 potestate
746 3956 845 4031 civili
857 3957 947 4055 quin
962 3957 1297 4031 contradictionem
1317 3953 1562 4030 involveret?

242 4171 246 4179 Ι
304 4078 441 4154 Omnis
476 4078 575 4151 enim
600 4077 802 4151 auctoritas
828 4076 923 4150 sicut
944 4077 1072 4172 nequit
1092 4103 1133 4151 se
1147 4077 1267 4173 ipsam
1283 4075 1393 4149 simul
1412 4097 1449 4150 et
1466 4073 1562 4147 affir-

305 4222 405 4271 mare
423 4212 460 4272 et
476 4221 622 4294 negare,
640 4195 691 4268 ita
709 4219 784 4268 non
804 4213 928 4290 potest
947 4193 1116 4268 c'onserre
1124 4195 1195 4292 jus
1215 4193 1517 4291 independentiae
1540 4217 1562 4263 a
1641 4183 1643 4187 ¹

303 4340 344 4388 se
363 4315 452 4410 ipsa,
473 4313 574 4412 quod
590 4313 770 4387 habeatur
789 4311 1088 4409 independenter
1100 4339 1120 4385 a
1132 4338 1201 4385 suo
1213 4337 1410 4385 consensu.
1431 4312 1558 4409 Reges

307 4429 425 4505 Italiae
451 4430 634 4506 inhabiles
653 4431 877 4505 exstiterunt
908 4430 990 4504 sive
1008 4430 1055 4503 ad
1088 4430 1356 4504 conserendum
1380 4429 1561 4503 Romanis

340 4667 361 4706 1.
373 4652 502 4722 Defensio
507 4653 581 4721 fidei
592 4653 674 4717 cuth..
689 4653 734 4707 lib.
747 4655 769 4721 1,
784 4664 853 4708 sect.
870 4664 889 4721 1,
903 4669 965 4721 cap.
986 4653 1025 4706 16.

298 4737 300 4740 ‘
339 4751 362 4797 2.
373 4734 584 4809 Palmieri,pag.
599 4736 674 4809 1198.
