3496 5482
167 459 951 469 ....—-.-.-.—..-—-———-—.-.-——-————.-...
961 457 1418 467 ..mmmm—.—

610 525 733 575 CAPUT
761 525 968 575 SEPTIMUM.

163 682 211 756 ab
245 682 363 768 hoste,
385 684 453 786 sed
484 683 629 756 occisus
656 681 812 756 amilite
842 682 1045 779 pontificali
1070 684 1291 755 Masso'num
1321 708 1420 756 com·

165 799 260 898 plice
279 799 334 898 (¹).
414 888 419 899 ἢ,
740 789 744 797 ,

218 928 239 958 ⁴⁸
257 917 371 992 Plane
390 917 505 1014 liquet
520 934 674 1015 totaque
689 916 831 991 videbit
844 918 1054 1014 posteritas,
1072 918 1207 1015 quibus
1229 918 1372 992 artibus
1384 935 1422 992 et

164 1062 276 1136 quam
306 1037 448 1112 callidis
470 1063 514 1110 ac
542 1036 705 1136 indignis
732 1035 985 1111 molitionibus
1012 1037 1235 1134 gubernium
1250 1036 1419 1134 Subalpi·

167 1181 254 1228 num
269 1173 517 1230 -sectarum
531 1153 751 1252 perditionis
763 1153 917 1227 consilia
931 1179 1103 1250 sequens,
1122 1198 1167 1208 -
1183 1153 1421 1258 adjustitiam

166 1292 204 1348 et
222 1274 456 1361 sanctitatem
471 1273 612 1371 jurium
643 1271 857 1368 apostolicae
877 1271 988 1346 Sedis
1015 1272 1310 1369 opprimendam,
1341 1297 1422 1368 per·

167 1395 322 1470 venerit.
341 1395 359 1423 ''

221 1524 242 1553 ‘⁴
264 1513 385 1588 Probe
416 1512 532 1587 nostis
565 1536 665 1585 anno
698 1513 792 1605 1859
821 1511 869 1584 ab
902 1510 981 1607 ipsa
1000 1509 1206 1605 Subalpina
1236 1528 1423 1607 potestate

168 1632 373 1730 praecipuas
392 1630 560 1704 AEmiliae
588 1629 770 1715 civitates,
792 1628 989 1702 submissis
1016 1628 1174 1725 scriptis,
1195 1629 1423 1726 conspirato·

169 1750 280 1835 ribus,
302 1750 424 1835 armis,
442 1748 608 1846 pecunia,
624 1747 671 1820 ad
692 1746 985 1844 perduellionem
1006 1746 1118 1819 luisse
1138 1747 1336 1834 excitatas;
1356 1771 1424 1820 nec

170 1869 287 1943 multo
313 1885 408 1966 post,
440 1867 600 1942 comitiis
631 1865 758 1964 populi
787 1866 946 1953 indictis,
979 1866 1213 1969 captatisque
1237 1867 1424 1967 suffragiis

169 1985 402 2085 plebiscitum
422 1985 620 2062 confictum
637 2011 731 2072 esse,
753 2011 874 2084 eoque
894 1986 979 2060 suco
998 2005 1035 2062 et
1051 1987 1201 2060 nomine
1214 1987 1425 2084 provincias

173 2107 343 2195 Nostras,
361 2108 397 2181 in
425 2133 470 2182 ea
496 2107 649 2206 regione
677 2108 826 2204 positas,
854 2132 876 2180 a
903 2125 1059 2204 paterno
1090 2107 1234 2181 Nostro
1253 2108 1419 2206 imperio,

170 2226 329 2300 avulsas.

226 2352 245 2381 ‘⁴
256 2343 497 2440 Perspectum
512 2369 663 2442 quoque
681 2361 857 2429 est‚anno
872 2343 1009 2417 deinde
1029 2361 1282 2441 consequente
1295 2341 1427 2444 (1860)

172 2462 269 2537 idem
291 2461 525 2561 gubernium,
540 2481 579 2537 ut
598 2462 689 2537 alias
704 2463 814 2560 hujus
828 2463 866 2538 S.
882 2463 993 2537 Sedis
1006 2464 1217 2561 provincias
1230 2467 1264 2538 in
1280 2460 1427 2552 Piceno
1463 2518 1466 2527 -

176 2580 334 2655 Umbria
352 2599 391 2655 et
412 2581 643 2654 Patrimonio
661 2581 751 2656 sitas
780 2581 816 2654 in
848 2582 1013 2679 praedam
1046 2608 1151 2656 suam
1180 2601 1427 2673 converteret,

172 2696 312 2773 dolosis
331 2698 574 2795 praetextibus
592 2698 772 2786 adductis,
795 2699 999 2796 improviso
1015 2700 1167 2799 impetu,
1182 2701 1318 2777 milites
1349 2702 1429 2777 No·

175 2834 282 2901 stros‚
299 2840 438 2914 magno
469 2816 759 2891 'circumvenisse
789 2816 965 2906 exercitu,
1001 2843 1143 2917 eosque
1174 2836 1249 2893 tam
1267 2819 1429 2896 subitam

173 2933 414 3031 irruptionem
448 2934 599 3009 minime
639 2934 881 3031 suspicantes
926 2955 1083 3012 cruento
1116 2937 1244 3035 praelio
1275 2963 1429 3035 oppres·

176 3051 270 3127 sisse
291 3049 344 3150 (²).
366 3051 383 3078 ”
1275 3127 1280 3135 .

229 3168 304 3242 Hic
326 3168 428 3244 locus
447 3186 560 3244 estut
586 3169 633 3244 de
651 3169 789 3268 ignavo
818 3170 890 3243 hoc
909 3168 1114 3260 latrocinio,
1135 3191 1173 3247 et
1197 3173 1245 3248 de
1277 3173 1432 3272 perfidia

177 3288 283 3386 regni
320 3287 517 3362 massonici
550 3287 743 3373 Sardiniae,
765 3312 939 3362 severum
975 3289 1042 3362 sed
1065 3290 1208 3387 justum
1237 3293 1431 3367 audiamus

178 3403 318 3480 Christi
338 3405 474 3478 Vicarii
485 3405 666 3503 judicium
683 3404 793 3501 plane
812 3423 849 3480 et
874 3424 984 3505 gesta
1003 3425 1040 3481 et
1064 3409 1246 3506 principia
1263 3428 1301 3485 et
1319 3411 1432 3485 salsos

178 3543 383 3624 praetextus
402 3525 615 3600 rebellionis
634 3526 871 3600 confutantis,

182 3644 184 3648 ’
224 3640 281 3743 (1)
299 3654 319 3682 “
340 3643 466 3740 lpsum
482 3643 718 3741 gubernium,
736 3669 843 3717 suum
859 3670 926 3741 per
943 3643 1087 3719 ltaliam
1110 3672 1276 3746 regnum,
1303 3668 1433 3724 contra

174 3762 299 3836 omnia
318 3762 445 3836 divina
463 3780 500 3837 et
520 3764 683 3837 humana
691 3764 777 3861 jura
793 3764 1014 3852 extendens,
1037 3767 1182 3864 populis
1201 3770 1249 3842 ad
1265 3769 1432 3859 rebellio·

177 3907 262 3954 nem
292 3880 471 3968 excitatis,
489 3880 631 3979 aliquot
653 3881 857 3956 Pontificiae
885 3884 1038 3959 Nostrae
1058 3885 1094 3959 in
1107 3886 1264 3962 AEmilia
1281 3889 1433 3965 ditionis

174 3999 383 4097 provincias
403 3999 645 4098 injustissimo
676 4026 719 4074 ac
739 4025 890 4098 prorsus
913 4002 1095 4103 sacrilego
1113 4030 1205 4079 ausu
1234 4005 1369 4101 invasit
1396 4004 1433 4083 et

176 4134 380 4213 usurpavit.

228 4229 284 4336 (a)
305 4233 437 4308 “Alias
455 4233 566 4333 hujus
586 4234 625 4309 S.
642 4234 753 4310 Sedis
773 4237 993 4333 provincias,
1007 4239 1044 4313 in
1060 4239 1378 4329 Piceno‚Umbria
1397 4261 1435 4318 et

180 4352 409 4426 Patrimonio
423 4352 524 4439 sitas
538 4352 608 4426 sibi
622 4353 811 4429 vindicare
836 4356 1041 4431 constituit.
1054 4403 1103 4414 —
1115 4359 1168 4433 At
1180 4384 1264 4434 cum
1277 4361 1432 4465 videret,¹

180 4519 329 4527 ——-—

218 4606 240 4649 1.
255 4594 316 4648 Van
332 4595 448 4662 Duerm,
459 4613 484 4663 p.
500 4597 558 4664 ²26,
573 4609 632 4664 327.

217 4687 240 4728 2.
257 4674 371 4746 Encycl.
386 4677 583 4746 Resprcr'rrrtes,
598 4691 621 4733 1.
633 4677 708 4733 Νον.
722 4678 798 4743 1870.
