3496 5482
249 516 319 586 228
656 533 746 581 ΡΑΡΑ
776 532 834 581 sir
863 531 937 580 mcx
967 530 1092 580 noum.

245 717 386 767 avance
414 692 647 788 rapidement
678 715 724 765 en
760 689 912 764 ltalie...
948 688 982 764 lc
1017 690 1175 764 Vatican
1207 690 1376 763 tombera
1412 714 1501 763 sous

245 828 353 884 notre
383 828 550 884 marteau
581 809 797 883 vivifiant...
832 807 886 882 les
917 808 959 882 F.
988 807 1030 882 F.
1066 806 1276 882 travaillent
1299 808 1347 881 de
1376 825 1502 882 toutes

244 927 343 1003 leurs
384 927 503 1003 forces
542 927 565 1001 a
601 928 788 1025 disperser
829 926 882 1001 les
922 927 1064 1024 pierres
1106 928 1155 1000 du
1197 926 1355 1000 Vatican
1406 951 1501 1023 pour

244 1047 451 1121 construite
486 1072 578 1120 avec
613 1044 703 1119 elles
738 1044 773 1119 le
804 1043 942 1142 temple
982 1046 1030 1119 de
1078 1044 1113 1118 la
1156 1045 1297 1118 Nation
1339 1044 1501 1118 emanci-

246 1168 316 1262 nte
335 1161 389 1263 tl·
405 1163 421 1191 ’'

295 1297 327 1358 6.
352 1283 447 1356 Haec
459 1281 557 1354 dicta
570 1305 642 1354 non
658 1279 778 1353 solum
791 1279 1017 1377 patefaciunt
1030 1280 1205 1354 miserum
1221 1297 1358 1354 statum
1370 1279 1499 1366 ltaliae,

243 1400 309 1474 sed
325 1417 362 1473 et
375 1399 493 1496 ipsam
509 1399 612 1472 brevi
631 1397 710 1471 lore
722 1396 819 1472 luem
830 1399 993 1495 Europae
1015 1423 1099 1495 quae
1112 1396 1397 1472 ineluctabiliter
1411 1397 1468 1470 ins
1489 1441 1501 1452 ·

243 1517 356 1592 stabit
375 1516 574 1590 societates
593 1515 785 1592 universas
805 1517 873 1588 nisi
893 1516 967 1590 cito
991 1516 1198 1590 remedium
1223 1532 1443 1612 apponatur.
1463 1515 1501 1588 A

41 1652 45 1660 '
146 1731 149 1733 -
243 1637 305 1710 die
323 1660 396 1732 qua
417 1635 539 1706 Roma
560 1633 656 1705 sacta
674 1651 731 1707 est
762 1652 873 1730 caput
892 1634 997 1732 regni
1022 1633 1138 1708 ltaliae
1160 1659 1290 1707 verum
1321 1643 1429 1706 sonat
1448 1632 1500 1704 di·

244 1774 343 1828 ctum
359 1781 366 1826 :
380 1752 500 1826 Roma
514 1751 679 1849 capitale,
693 1751 951 1847 Romosotale.
971 1754 1093 1826 Locus
1113 1772 1213 1826 esset
1233 1748 1500 1848 recapitulandi

244 1890 475 1970 quantopere
496 1872 618 1946 Roma
631 1898 654 1944 a
671 1873 827 1969 pristino
840 1872 1038 1970 splendore
1052 1873 1242 1960 deciderit,
1265 1898 1350 1946 nam
1369 1894 1500 1945 revera
1553 1940 1554 1945 ,

246 1993 369 2066 Rom'a
400 1991 528 2089 nequit
557 2017 735 2088 prospere
766 1994 927 2069 existere
947 1993 1016 2067 nisi
1045 1995 1092 2067 sit
1114 1995 1236 2066 Roma
1258 1993 1410 2090 papalis
1420 2023 1434 2076 ,·
1451 1991 1499 2065 ad

243 2110 341 2184 istud
370 2110 469 2215 enim
501 2110 776 2206 praedestinata,
810 2111 973 2199 lundata,
1004 2129 1162 2199 servata,
1193 2109 1355 2186 exaltata
1386 2107 1513 2207 atque

241 2244 372 2303 ornata
392 2227 458 2301 luit
473 2227 651 2326 singulari
669 2228 921 2303 Providentiae
934 2228 1098 2314 consilio,
1117 2229 1250 2325 opibus
1265 2226 1496 2302 saeculorum.
1557 2258 1560 2265 ·

245 2348 356 2422 Nunc
374 2365 499 2421 autem
519 2372 566 2421 ex
586 2328 909 2446 praesentia'regis
928 2347 1252 2435 excommunicati,
1270 2374 1317 2422 ex
1337 2371 1498 2444 praesen·
1520 2376 1524 2382 ·

241 2466 292 2540 tia
323 2463 569 2539 multitudinis
600 2490 729 2539 eorum
758 2466 821 2563 qui
852 2467 1076 2564 gubernium
1107 2466 1223 2541 secuti
1257 2484 1344 2540 sunt
1373 2462 1429 2564 (²),
1451 2452 1498 2538 ex
1607 2462 1613 2468 ’
1643 2447 1646 2452 ’

241 2583 477 2681 oppositione
496 2583 671 2656 continua
690 2583 786 2658 inter
816 2609 1000 2657 summam
1020 2602 1245 2681 potestatem
1264 2581 1496 2680 spiritualem

243 2696 282 2777 et
299 2699 526 2776 materialem
541 2703 640 2800 jacet
661 2701 964 2776 convulsionibus
983 2722 1080 2777 torta
1095 2703 1210 2777 vitam
1231 2704 1326 2776 inter
1347 2719 1386 2775 et
1400 2725 1497 2773 mor-

243 2838 318 2895 tem
338 2838 374 2894 et
383 2821 540 2918 jamjam
560 2820 715 2896 obitura.

295 2938 356 3010 Ex
376 2939 530 3011 funestis
550 2940 629 3012 istis
648 2937 810 3036 sequelis
830 2939 1026 3013 nonnullas
1044 2939 1158 3014 citare
1171 2939 1293 3036 juvat.

290 3056 355 3154 A)
383 3057 648 3154 Languescunt
668 3057 867 3131 relationes
896 3056 1153 3155 diplomaticae,
1177 3083 1261 3130 nam
1281 3081 1497 3130 excommu-

242 3175 377 3247 nicatio
396 3173 470 3247 lata
484 3175 520 3246 in
534 3200 670 3272 regern,
693 3175 879 3249 inomnes
899 3177 1087 3250 ministros
1107 3174 1254 3250 ltalicos
1274 3193 1311 3249 et
1331 3175 1367 3246 in
1386 3199 1520 3275 quos-j

242 3318 400 3388 cumque
423 3291 622 3387 complices
645 3292 818 3390 gubernii
838 3312 875 3366 et
894 3292 1074 3392 sacrilege
1093 3293 1309 3366 detentores
1327 3291 1496 3370 Dominii

242 3411 281 3485 S.
305 3411 414 3495 Petri,
436 3435 693 3505 saepenumero
713 3410 837 3508 plures
856 3432 966 3498 arcet,
988 3433 1026 3486 et
1045 3413 1115 3486 hoc
1137 3411 1308 3485 nimirum
1330 3411 1367 3483 in
1386 3435 1499 3483 causa

281 3661 302 3700 1.
322 3646 361 3698 Le
382 3646 460 3715 Pupe
480 3647 555 3698 LIon
569 3646 656 3714 XIII,
681 3649 749 3716 Mgr
771 3648 807 3702 de
820 3648 992 3715 T'Serclaes‚
1009 3650 1048 3716 ΙΙ,
1071 3648 1115 3703 ch.
1130 3647 1172 3716 28,
1195 3665 1222 3718 p.
1240 3662 1297 3701 121.
1315 3647 1401 3715 (Vide
1413 3661 1499 3715 supra

243 3742 268 3795 p·
286 3726 355 3794 ωε.)

278 3820 301 3858 2.
323 3807 377 3858 Les
388 3805 528 3874 journaux
538 3807 572 3860 de
583 3806 683 3860 l'ltalie
697 3807 827 3862 officielle
836 3825 871 3861 ne
881 3809 938 3862 s’en
952 3809 1072 3863 cachent
1083 3825 1142 3878 pas.
1155 3806 1171 3834 “
1183 3808 1227 3860 En
1238 3806 1396 3862 enlevantd
1407 3807 1499 3859 Rome

242 3902 293 3938 son
307 3886 394 3954 grade
408 3886 443 3938 de
456 3886 510 3940 cite
532 3887 679 3955 moruliale,
694 3905 765 3957 pour
776 3904 811 3941 en
835 3888 904 3942 faire
917 3906 972 3942 une
991 3889 1056 3941 ville
1079 3888 1221 3955 italicum,
1242 3887 1327 3940 disan
1340 3887 1394 3942 l'un
1408 3885 1499 3951 d‘eux,

241 3981 312 4018 nous
326 3965 490 4034 changeons
501 3982 534 4019 sa
544 3966 689 4020 condition
698 3968 806 4021 morale
817 3976 844 4020 et
855 3967 1010 4022 materielle
1023 3969 1106 4022 d'une
1114 3966 1240 4020 muniere
1249 3967 1394 4020 tellement
1404 3979 1499 4032 grave,
1546 3982 1547 3986 ¹

243 4045 307 4112 qu’il
320 4045 390 4097 n’est
403 4062 455 4114 pas
469 4045 595 4114 possible
608 4046 671 4099 d'en
685 4063 812 4101 mesurer
828 4047 868 4100 les
882 4048 1103 4117 consequentes.
1123 4048 1164 4099 La
1186 4044 1402 4116 compensation
1416 4043 1499 4097 dece

243 4123 386 4192 prejudice
401 4135 444 4177 est
465 4141 532 4177 sans
553 4125 726 4194 proportion.
742 4127 825 4179 Nous
848 4126 885 4178 lui
900 4142 1046 4194 envoyons
1069 4143 1122 4180 nos
1137 4125 1290 4193 ministres,
1311 4123 1458 4177 senateurs
1471 4130 1500 4175 et

243 4203 382 4270 depute's;
399 4204 439 4256 les
465 4218 561 4272 50,ooo
578 4221 743 4272 personnes,
758 4206 913 4273 employe's‚
936 4205 1112 4271 sollicitem,
1132 4205 1220 4272 oisiss,
1243 4205 1333 4271 filous,
1346 4202 1457 4255 voleurs
1470 4210 1499 4254 et

242 4281 426 4350 courtisanes,
440 4285 488 4353 qui
502 4295 567 4337 sont
581 4285 606 4337 le
616 4285 730 4353 cortege
744 4286 854 4338 naturel
869 4286 952 4339 d'une
965 4287 1087 4355 capitale
1100 4285 1236 4337 moderne
1248 4304 1255 4350 3
1269 4283 1344 4337 vrais
1353 4281 1499 4350 represen-

243 4372 317 4415 tants
330 4362 366 4416 de
379 4363 407 4416 la
420 4364 525 4418 misere
540 4375 567 4417 et
582 4364 617 4417 de
639 4365 667 4417 la
680 4364 806 4419 vermine
821 4365 857 4418 de
870 4365 897 4417 la
911 4375 992 4418 terre.
1007 4396 1041 4402 —
1064 4365 1163 4418 Croire
1177 4381 1231 4434 que
1244 4365 1306 4417 cela
1324 4361 1501 4430 templacera

241 4441 280 4494 les
293 4457 456 4510 cmpereurs
469 4454 497 4497 et
512 4444 552 4496 les
566 4443 623 4497 rois
637 4445 684 4512 qui
695 4446 831 4499 venaient
845 4443 942 4497 visitet
955 4446 981 4498 le
994 4446 1127 4498 tombeau
1143 4444 1194 4497 des
1207 4443 1331 4512 apdtres,
1351 4442 1392 4494 les
1408 4437 1500 4493 cardi·

240 4537 321 4587 naux,
343 4523 544 4592 archeveques,
565 4523 697 4592 &veques
719 4523 903 4593 patriarches
922 4534 950 4577 et
963 4524 1051 4578 abbes
1066 4523 1105 4576 du
1122 4523 1226 4575 monde
1248 4521 1374 4576 chrdtien
1389 4517 1501 4584 ;‚croire

241 4601 343 4666 qu’nne
355 4602 465 4656 session
479 4603 518 4656 du
541 4602 703 4656 Parlement
718 4621 788 4657 nous
812 4614 963 4672 apportera
976 4614 1075 4657 autant
1090 4603 1153 4655 d'or
1174 4618 1229 4671 que
1243 4603 1270 4656 le
1289 4597 1452 4654 centenaire
1465 4597 1502 4651 de

131 4701 133 4705 ¹
242 4679 275 4730 St
289 4678 393 4745 Pierre‚
403 4698 436 4734 ce
449 4681 535 4734 serait
549 4696 581 4734 se
594 4684 741 4750 tromper.¹'
751 4683 871 4749 (Pre‘lot,
885 4669 1001 4750 Etudes,
1016 4684 1045 4736 S.
1052 4682 1093 4752 J.,
1108 4692 1128 4736 t.
1144 4680 1187 4748 65,
1201 4698 1228 4749 p.
1245 4681 1314 4746 194.)
