<?xml version="1.0" encoding="UTF-8"?>
<!DOCTYPE html PUBLIC "-//W3C//DTD XHTML 1.0 Transitional//EN"
    "http://www.w3.org/TR/xhtml1/DTD/xhtml1-transitional.dtd">
<html xmlns="http://www.w3.org/1999/xhtml" xml:lang="en" lang="en">
 <head>
  <title>
</title>
<meta http-equiv="Content-Type" content="text/html;charset=utf-8" />
  <meta name='ocr-system' content='tesseract 3.04.00' />
  <meta name='ocr-capabilities' content='ocr_page ocr_carea ocr_par ocr_line ocrx_word'/>
</head>
<body>
  <div class='ocr_page' id='page_1' title='image "./papasitrexromae00godtgoog/papasitrexromae00godtgoog_0400.png"; bbox 0 0 3496 5482; ppageno 0'>
   <div class='ocr_carea' id='block_1_1' title="bbox 243 414 805 423">
    <p class='ocr_par' dir='ltr' id='par_1_1' title="bbox 243 414 805 423">
     <span class='ocr_line' id='line_1_1' title="bbox 243 414 805 423; baseline -0.005 0"><span class='ocrx_word' id='word_1_1' title='bbox 243 416 419 423; x_wconf 42' lang='grc' dir='ltr'>..ὴ-*-</span> <span class='ocrx_word' id='word_1_2' title='bbox 768 414 805 420; x_wconf 64' lang='lat'><strong>—0</strong></span> 
     </span>
    </p>
   </div>
   <div class='ocr_carea' id='block_1_2' title="bbox 648 455 1497 546">
    <p class='ocr_par' dir='ltr' id='par_1_2' title="bbox 648 455 1497 546">
     <span class='ocr_line' id='line_1_2' title="bbox 648 455 1497 546; baseline 0.002 -22"><span class='ocrx_word' id='word_1_3' title='bbox 648 473 864 525; x_wconf 77' lang='lat' dir='ltr'><strong>coucnusm</strong></span> <span class='ocrx_word' id='word_1_4' title='bbox 891 472 1085 524; x_wconf 76' lang='lat' dir='ltr'><strong>pancrrcn.</strong></span> <span class='ocrx_word' id='word_1_5' title='bbox 1425 455 1497 546; x_wconf 83' lang='lat'><strong>385</strong></span> 
     </span>
    </p>
   </div>
   <div class='ocr_carea' id='block_1_3' title="bbox 241 633 1502 850">
    <p class='ocr_par' dir='ltr' id='par_1_3' title="bbox 241 633 1502 850">
     <span class='ocr_line' id='line_1_3' title="bbox 245 633 1502 735; baseline -0.001 -24"><span class='ocrx_word' id='word_1_6' title='bbox 245 639 425 722; x_wconf 90' lang='lat' dir='ltr'><strong>Romana,</strong></span> <span class='ocrx_word' id='word_1_7' title='bbox 446 660 567 733; x_wconf 89' lang='lat' dir='ltr'><strong>eaque</strong></span> <span class='ocrx_word' id='word_1_8' title='bbox 585 634 674 720; x_wconf 92' lang='lat' dir='ltr'><strong>sola,</strong></span> <span class='ocrx_word' id='word_1_9' title='bbox 696 633 810 730; x_wconf 90' lang='lat' dir='ltr'><strong>pollet</strong></span> <span class='ocrx_word' id='word_1_10' title='bbox 828 634 876 735; x_wconf 88' lang='lat' dir='ltr'><strong>ad</strong></span> <span class='ocrx_word' id='word_1_11' title='bbox 895 633 1063 720; x_wconf 89' lang='lat' dir='ltr'><strong>salutem,</strong></span> <span class='ocrx_word' id='word_1_12' title='bbox 1076 633 1367 709; x_wconf 81' lang='lat' dir='ltr'><strong>incolumitatem</strong></span> <span class='ocrx_word' id='word_1_13' title='bbox 1387 653 1502 733; x_wconf 93' lang='lat' dir='ltr'><strong>atque</strong></span> 
     </span>
     <span class='ocr_line' id='line_1_4' title="bbox 241 750 1103 850; baseline -0.003 -21"><span class='ocrx_word' id='word_1_14' title='bbox 241 753 565 832; x_wconf 90' lang='lat' dir='ltr'><strong>conservationem</strong></span> <span class='ocrx_word' id='word_1_15' title='bbox 585 750 817 850; x_wconf 92' lang='lat' dir='ltr'><strong>populorum.</strong></span> <span class='ocrx_word' id='word_1_16' title='bbox 843 750 982 825; x_wconf 86' lang='lat' dir='ltr'><strong>Recole</strong></span> <span class='ocrx_word' id='word_1_17' title='bbox 998 750 1103 826; x_wconf 90' lang='lat' dir='ltr'><strong>lacta.</strong></span> 
     </span>
    </p>
   </div>
   <div class='ocr_carea' id='block_1_4' title="bbox 242 872 1595 2853">
    <p class='ocr_par' dir='ltr' id='par_1_4' title="bbox 242 872 1595 2853">
     <span class='ocr_line' id='line_1_5' title="bbox 293 872 1501 987; baseline -0.002 -23"><span class='ocrx_word' id='word_1_18' title='bbox 293 891 412 965; x_wconf 90' lang='lat' dir='ltr'><strong>Teste</strong></span> <span class='ocrx_word' id='word_1_19' title='bbox 430 887 593 975; x_wconf 89' lang='lat' dir='ltr'><strong>historia,</strong></span> <span class='ocrx_word' id='word_1_20' title='bbox 616 887 679 960; x_wconf 85' lang='lat' dir='ltr'><strong>vix</strong></span> <span class='ocrx_word' id='word_1_21' title='bbox 698 885 852 984; x_wconf 88' lang='lat' dir='ltr'><strong>antiqua</strong></span> <span class='ocrx_word' id='word_1_22' title='bbox 879 872 939 959; x_wconf 94' lang='lat' dir='ltr'><strong>illa</strong></span> <span class='ocrx_word' id='word_1_23' title='bbox 957 884 1117 962; x_wconf 89' lang='lat' dir='ltr'><strong>societas</strong></span> <span class='ocrx_word' id='word_1_24' title='bbox 1143 886 1315 963; x_wconf 90' lang='lat' dir='ltr'><strong>Romana</strong></span> <span class='ocrx_word' id='word_1_25' title='bbox 1332 888 1501 987; x_wconf 88' lang='lat' dir='ltr'><strong>converti</strong></span> 
     </span>
     <span class='ocr_line' id='line_1_6' title="bbox 244 1001 1501 1104; baseline -0.002 -23"><span class='ocrx_word' id='word_1_26' title='bbox 244 1007 365 1082; x_wconf 92' lang='lat' dir='ltr'><strong>renuit</strong></span> <span class='ocrx_word' id='word_1_27' title='bbox 393 1007 440 1080; x_wconf 95' lang='lat' dir='ltr'><strong>ad</strong></span> <span class='ocrx_word' id='word_1_28' title='bbox 472 1004 691 1104; x_wconf 85' lang='lat' dir='ltr'><strong>religionem</strong></span> <span class='ocrx_word' id='word_1_29' title='bbox 728 1003 977 1089; x_wconf 87' lang='lat' dir='ltr'>christianam,</span> <span class='ocrx_word' id='word_1_30' title='bbox 999 1001 1145 1100; x_wconf 83' lang='lat' dir='ltr'><strong>ipsique</strong></span> <span class='ocrx_word' id='word_1_31' title='bbox 1181 1002 1319 1078; x_wconf 89' lang='lat' dir='ltr'><strong>bellum</strong></span> <span class='ocrx_word' id='word_1_32' title='bbox 1357 1005 1501 1090; x_wconf 87' lang='lat' dir='ltr'><strong>indixit,</strong></span> 
     </span>
     <span class='ocr_line' id='line_1_7' title="bbox 242 1119 1499 1223; baseline -0.001 -24"><span class='ocrx_word' id='word_1_33' title='bbox 242 1151 358 1223; x_wconf 91' lang='lat' dir='ltr'><strong>quum</strong></span> <span class='ocrx_word' id='word_1_34' title='bbox 391 1122 676 1200; x_wconf 88' lang='lat' dir='ltr'><strong>ineluctabiliter</strong></span> <span class='ocrx_word' id='word_1_35' title='bbox 710 1122 825 1219; x_wconf 89' lang='lat' dir='ltr'><strong>coepit</strong></span> <span class='ocrx_word' id='word_1_36' title='bbox 856 1119 1066 1207; x_wconf 90' lang='lat' dir='ltr'><strong>declinare;</strong></span> <span class='ocrx_word' id='word_1_37' title='bbox 1086 1120 1150 1194; x_wconf 89' lang='lat' dir='ltr'><strong>vix</strong></span> <span class='ocrx_word' id='word_1_38' title='bbox 1174 1120 1320 1196; x_wconf 85' lang='lat' dir='ltr'><strong>saeculis</strong></span> <span class='ocrx_word' id='word_1_39' title='bbox 1339 1123 1374 1195; x_wconf 95' lang='lat' dir='ltr'>V</span> <span class='ocrx_word' id='word_1_40' title='bbox 1388 1141 1426 1197; x_wconf 90' lang='lat' dir='ltr'><strong>et</strong></span> <span class='ocrx_word' id='word_1_41' title='bbox 1444 1123 1499 1198; x_wconf 93' lang='lat' dir='ltr'><strong>Vl</strong></span> 
     </span>
     <span class='ocr_line' id='line_1_8' title="bbox 245 1238 1504 1341; baseline -0.003 -24"><span class='ocrx_word' id='word_1_42' title='bbox 245 1242 363 1341; x_wconf 92' lang='lat' dir='ltr'><strong>prima</strong></span> <span class='ocrx_word' id='word_1_43' title='bbox 381 1261 419 1318; x_wconf 93' lang='lat' dir='ltr'><strong>et</strong></span> <span class='ocrx_word' id='word_1_44' title='bbox 435 1241 634 1317; x_wconf 81' lang='lat' dir='ltr'><strong>fortissima</strong></span> <span class='ocrx_word' id='word_1_45' title='bbox 653 1238 984 1338; x_wconf 91' lang='lat' dir='ltr'><strong>Ostrogothorum,</strong></span> <span class='ocrx_word' id='word_1_46' title='bbox 1005 1238 1298 1338; x_wconf 93' lang='lat' dir='ltr'><strong>Visigothorum,</strong></span> <span class='ocrx_word' id='word_1_47' title='bbox 1323 1240 1504 1315; x_wconf 91' lang='lat' dir='ltr'><strong>Lombar·</strong></span> 
     </span>
     <span class='ocr_line' id='line_1_9' title="bbox 244 1355 1504 1456; baseline -0.002 -20"><span class='ocrx_word' id='word_1_48' title='bbox 244 1363 387 1446; x_wconf 92' lang='lat' dir='ltr'><strong>dorum,</strong></span> <span class='ocrx_word' id='word_1_49' title='bbox 403 1360 613 1439; x_wconf 85' lang='lat' dir='ltr'><strong>Suevorum</strong></span> <span class='ocrx_word' id='word_1_50' title='bbox 634 1376 671 1433; x_wconf 92' lang='lat' dir='ltr'><strong>et</strong></span> <span class='ocrx_word' id='word_1_51' title='bbox 693 1355 950 1432; x_wconf 89' lang='lat' dir='ltr'><strong>Vandalorum</strong></span> <span class='ocrx_word' id='word_1_52' title='bbox 969 1382 1095 1456; x_wconf 89' lang='lat' dir='ltr'><strong>regna,</strong></span> <span class='ocrx_word' id='word_1_53' title='bbox 1117 1356 1301 1432; x_wconf 89' lang='lat' dir='ltr'><strong>universis</strong></span> <span class='ocrx_word' id='word_1_54' title='bbox 1331 1359 1504 1434; x_wconf 89' lang='lat' dir='ltr'><strong>meridio-</strong></span> 
     </span>
     <span class='ocr_line' id='line_1_10' title="bbox 246 1474 1506 1579; baseline -0.002 -25"><span class='ocrx_word' id='word_1_55' title='bbox 246 1478 390 1554; x_wconf 89' lang='lat' dir='ltr'><strong>nalibus</strong></span> <span class='ocrx_word' id='word_1_56' title='bbox 420 1477 538 1579; x_wconf 89' lang='lat' dir='ltr'><strong>plagis</strong></span> <span class='ocrx_word' id='word_1_57' title='bbox 560 1479 734 1575; x_wconf 85' lang='lat' dir='ltr'><strong>Europae,</strong></span> <span class='ocrx_word' id='word_1_58' title='bbox 756 1475 955 1573; x_wconf 88' lang='lat' dir='ltr'><strong>littoreque</strong></span> <span class='ocrx_word' id='word_1_59' title='bbox 974 1474 1154 1549; x_wconf 82' lang='lat' dir='ltr'><strong>Africano</strong></span> <span class='ocrx_word' id='word_1_60' title='bbox 1173 1475 1347 1561; x_wconf 86' lang='lat' dir='ltr'><strong>subactis,</strong></span> <span class='ocrx_word' id='word_1_61' title='bbox 1362 1502 1384 1550; x_wconf 89' lang='lat' dir='ltr'><strong>a</strong></span> <span class='ocrx_word' id='word_1_62' title='bbox 1402 1495 1506 1552; x_wconf 86' lang='lat' dir='ltr'><strong>secta</strong></span> 
     </span>
     <span class='ocr_line' id='line_1_11' title="bbox 247 1592 1519 1697; baseline -0.002 -25"><span class='ocrx_word' id='word_1_63' title='bbox 247 1597 388 1672; x_wconf 86' lang='lat' dir='ltr'><strong>Ariana</strong></span> <span class='ocrx_word' id='word_1_64' title='bbox 407 1598 531 1697; x_wconf 93' lang='lat' dir='ltr'><strong>potius</strong></span> <span class='ocrx_word' id='word_1_65' title='bbox 550 1622 662 1694; x_wconf 93' lang='lat' dir='ltr'><strong>quam</strong></span> <span class='ocrx_word' id='word_1_66' title='bbox 681 1595 729 1668; x_wconf 91' lang='lat' dir='ltr'><strong>ab</strong></span> <span class='ocrx_word' id='word_1_67' title='bbox 746 1592 916 1668; x_wconf 88' lang='lat' dir='ltr'><strong>Ecclesia</strong></span> <span class='ocrx_word' id='word_1_68' title='bbox 930 1619 971 1668; x_wconf 89' lang='lat' dir='ltr'><strong>se</strong></span> <span class='ocrx_word' id='word_1_69' title='bbox 991 1592 1104 1666; x_wconf 93' lang='lat' dir='ltr'><strong>imbui</strong></span> <span class='ocrx_word' id='word_1_70' title='bbox 1124 1611 1162 1666; x_wconf 92' lang='lat' dir='ltr'><strong>et</strong></span> <span class='ocrx_word' id='word_1_71' title='bbox 1181 1593 1317 1667; x_wconf 88' lang='lat' dir='ltr'><strong>erudiri</strong></span> <span class='ocrx_word' id='word_1_72' title='bbox 1330 1594 1519 1670; x_wconf 85' lang='lat' dir='ltr'><strong>decreve·.</strong></span> 
     </span>
     <span class='ocr_line' id='line_1_12' title="bbox 248 1710 1505 1813; baseline -0.002 -23"><span class='ocrx_word' id='word_1_73' title='bbox 248 1735 342 1802; x_wconf 91' lang='lat' dir='ltr'><strong>runt,</strong></span> <span class='ocrx_word' id='word_1_74' title='bbox 357 1741 472 1813; x_wconf 92' lang='lat' dir='ltr'><strong>quum</strong></span> <span class='ocrx_word' id='word_1_75' title='bbox 492 1714 562 1789; x_wconf 91' lang='lat' dir='ltr'><strong>visi</strong></span> <span class='ocrx_word' id='word_1_76' title='bbox 580 1732 668 1788; x_wconf 93' lang='lat' dir='ltr'><strong>sunt</strong></span> <span class='ocrx_word' id='word_1_77' title='bbox 687 1713 859 1800; x_wconf 82' lang='lat' dir='ltr'><strong>interire3</strong></span> <span class='ocrx_word' id='word_1_78' title='bbox 879 1711 942 1786; x_wconf 88' lang='lat' dir='ltr'><strong>vix</strong></span> <span class='ocrx_word' id='word_1_79' title='bbox 957 1711 1152 1807; x_wconf 87' lang='lat' dir='ltr'><strong>imperium</strong></span> <span class='ocrx_word' id='word_1_80' title='bbox 1169 1710 1416 1807; x_wconf 89' lang='lat' dir='ltr'><strong>Byzantinum</strong></span> <span class='ocrx_word' id='word_1_81' title='bbox 1432 1713 1505 1788; x_wconf 90' lang='lat' dir='ltr'><strong>Ro-</strong></span> 
     </span>
     <span class='ocr_line' id='line_1_13' title="bbox 248 1828 1507 1926; baseline -0.001 -19"><span class='ocrx_word' id='word_1_82' title='bbox 248 1858 368 1908; x_wconf 88' lang='lat' dir='ltr'><strong>manae</strong></span> <span class='ocrx_word' id='word_1_83' title='bbox 389 1832 570 1908; x_wconf 83' lang='lat' dir='ltr'><strong>Ecclesiae</strong></span> <span class='ocrx_word' id='word_1_84' title='bbox 588 1830 821 1906; x_wconf 87' lang='lat' dir='ltr'><strong>confidenter</strong></span> <span class='ocrx_word' id='word_1_85' title='bbox 842 1828 937 1903; x_wconf 87' lang='lat' dir='ltr'><strong>uniri</strong></span> <span class='ocrx_word' id='word_1_86' title='bbox 956 1828 1004 1903; x_wconf 90' lang='lat' dir='ltr'><strong>ab</strong></span> <span class='ocrx_word' id='word_1_87' title='bbox 1023 1853 1142 1926; x_wconf 88' lang='lat' dir='ltr'><strong>eaque</strong></span> <span class='ocrx_word' id='word_1_88' title='bbox 1162 1828 1279 1903; x_wconf 91' lang='lat' dir='ltr'><strong>sulciri</strong></span> <span class='ocrx_word' id='word_1_89' title='bbox 1296 1829 1507 1906; x_wconf 91' lang='lat' dir='ltr'><strong>indesinen-</strong></span> 
     </span>
     <span class='ocr_line' id='line_1_14' title="bbox 249 1946 1507 2049; baseline -0.002 -23"><span class='ocrx_word' id='word_1_90' title='bbox 249 1969 305 2027; x_wconf 85' lang='lat' dir='ltr'><strong>ter</strong></span> <span class='ocrx_word' id='word_1_91' title='bbox 320 1951 513 2039; x_wconf 90' lang='lat' dir='ltr'><strong>recusavit,</strong></span> <span class='ocrx_word' id='word_1_92' title='bbox 536 1975 651 2049; x_wconf 93' lang='lat' dir='ltr'><strong>quum</strong></span> <span class='ocrx_word' id='word_1_93' title='bbox 671 1949 879 2022; x_wconf 90' lang='lat' dir='ltr'><strong>Turcarum</strong></span> <span class='ocrx_word' id='word_1_94' title='bbox 905 1946 1200 2022; x_wconf 86' lang='lat' dir='ltr'><strong>dominationem</strong></span> <span class='ocrx_word' id='word_1_95' title='bbox 1222 1948 1336 2046; x_wconf 88' lang='lat' dir='ltr'><strong>coepit</strong></span> <span class='ocrx_word' id='word_1_96' title='bbox 1354 1949 1480 2025; x_wconf 90' lang='lat' dir='ltr'><strong>subire</strong></span> <span class='ocrx_word' id='word_1_97' title='bbox 1499 1977 1507 2038; x_wconf 89' lang='grc'>;</span> 
     </span>
     <span class='ocr_line' id='line_1_15' title="bbox 249 2064 1595 2167; baseline -0.001 -23"><span class='ocrx_word' id='word_1_98' title='bbox 249 2070 313 2144; x_wconf 89' lang='lat' dir='ltr'><strong>vix</strong></span> <span class='ocrx_word' id='word_1_99' title='bbox 340 2069 505 2167; x_wconf 89' lang='lat' dir='ltr'><strong>denique</strong></span> <span class='ocrx_word' id='word_1_100' title='bbox 523 2069 723 2144; x_wconf 86' lang='lat' dir='ltr'><strong>societates</strong></span> <span class='ocrx_word' id='word_1_101' title='bbox 755 2066 946 2140; x_wconf 78' lang='lat' dir='ltr'><strong>modernae</strong></span> <span class='ocrx_word' id='word_1_102' title='bbox 968 2065 1132 2162; x_wconf 80' lang='lat' dir='ltr'><strong>Europae</strong></span> <span class='ocrx_word' id='word_1_103' title='bbox 1150 2064 1198 2139; x_wconf 87' lang='lat' dir='ltr'><strong>ab</strong></span> <span class='ocrx_word' id='word_1_104' title='bbox 1223 2066 1355 2140; x_wconf 90' lang='lat' dir='ltr'><strong>eadem</strong></span> <span class='ocrx_word' id='word_1_105' title='bbox 1378 2065 1507 2141; x_wconf 90' lang='lat' dir='ltr'><strong>Eccle·</strong></span> <span class='ocrx_word' id='word_1_106' title='bbox 1594 2139 1595 2143; x_wconf 74' lang='grc'>,</span> 
     </span>
     <span class='ocr_line' id='line_1_16' title="bbox 248 2186 1508 2287; baseline -0.001 -25"><span class='ocrx_word' id='word_1_107' title='bbox 248 2189 303 2263; x_wconf 92' lang='lat' dir='ltr'><strong>sia</strong></span> <span class='ocrx_word' id='word_1_108' title='bbox 315 2207 497 2287; x_wconf 74' lang='lat' dir='ltr'><strong>separatae</strong></span> <span class='ocrx_word' id='word_1_109' title='bbox 515 2190 646 2264; x_wconf 89' lang='lat' dir='ltr'><strong>vivere</strong></span> <span class='ocrx_word' id='word_1_110' title='bbox 658 2186 892 2286; x_wconf 90' lang='lat' dir='ltr'><strong>propriisque</strong></span> <span class='ocrx_word' id='word_1_111' title='bbox 906 2186 1047 2260; x_wconf 92' lang='lat' dir='ltr'><strong>viribus</strong></span> <span class='ocrx_word' id='word_1_112' title='bbox 1067 2186 1133 2260; x_wconf 92' lang='lat' dir='ltr'><strong>niti</strong></span> <span class='ocrx_word' id='word_1_113' title='bbox 1149 2187 1377 2284; x_wconf 88' lang='lat' dir='ltr'><strong>inceperunt,</strong></span> <span class='ocrx_word' id='word_1_114' title='bbox 1393 2214 1508 2285; x_wconf 90' lang='lat' dir='ltr'><strong>quum</strong></span> 
     </span>
     <span class='ocr_line' id='line_1_17' title="bbox 249 2302 1509 2405; baseline 0 -25"><span class='ocrx_word' id='word_1_115' title='bbox 249 2307 345 2380; x_wconf 87' lang='lat' dir='ltr'><strong>odiis</strong></span> <span class='ocrx_word' id='word_1_116' title='bbox 364 2307 535 2381; x_wconf 88' lang='lat' dir='ltr'><strong>excitatis</strong></span> <span class='ocrx_word' id='word_1_117' title='bbox 555 2324 593 2380; x_wconf 90' lang='lat' dir='ltr'><strong>et</strong></span> <span class='ocrx_word' id='word_1_118' title='bbox 618 2306 766 2405; x_wconf 88' lang='lat' dir='ltr'><strong>juribus</strong></span> <span class='ocrx_word' id='word_1_119' title='bbox 785 2303 933 2378; x_wconf 91' lang='lat' dir='ltr'><strong>violatis</strong></span> <span class='ocrx_word' id='word_1_120' title='bbox 960 2304 997 2377; x_wconf 90' lang='lat' dir='ltr'><strong>in</strong></span> <span class='ocrx_word' id='word_1_121' title='bbox 1030 2302 1223 2402; x_wconf 90' lang='lat' dir='ltr'><strong>pristinam</strong></span> <span class='ocrx_word' id='word_1_122' title='bbox 1246 2304 1397 2403; x_wconf 89' lang='lat' dir='ltr'><strong>Imperii</strong></span> <span class='ocrx_word' id='word_1_123' title='bbox 1434 2306 1509 2380; x_wconf 90' lang='lat' dir='ltr'><strong>Ro·</strong></span> 
     </span>
     <span class='ocr_line' id='line_1_18' title="bbox 251 2421 1508 2522; baseline 0.001 -25"><span class='ocrx_word' id='word_1_124' title='bbox 251 2425 349 2497; x_wconf 89' lang='lat' dir='ltr'><strong>mani</strong></span> <span class='ocrx_word' id='word_1_125' title='bbox 368 2425 539 2500; x_wconf 88' lang='lat' dir='ltr'><strong>abierunt</strong></span> <span class='ocrx_word' id='word_1_126' title='bbox 557 2423 870 2499; x_wconf 90' lang='lat' dir='ltr'><strong>dissociationem.</strong></span> <span class='ocrx_word' id='word_1_127' title='bbox 898 2421 1074 2496; x_wconf 82' lang='lat' dir='ltr'><strong>Praestitit</strong></span> <span class='ocrx_word' id='word_1_128' title='bbox 1103 2442 1141 2496; x_wconf 91' lang='lat' dir='ltr'><strong>et</strong></span> <span class='ocrx_word' id='word_1_129' title='bbox 1172 2423 1262 2497; x_wconf 91' lang='lat' dir='ltr'><strong>dare</strong></span> <span class='ocrx_word' id='word_1_130' title='bbox 1293 2422 1508 2522; x_wconf 88' lang='lat' dir='ltr'><strong>hujusmodi</strong></span> 
     </span>
     <span class='ocr_line' id='line_1_19' title="bbox 250 2539 1506 2626; baseline 0.001 -11"><span class='ocrx_word' id='word_1_131' title='bbox 250 2541 515 2616; x_wconf 87' lang='lat' dir='ltr'><strong>documentum</strong></span> <span class='ocrx_word' id='word_1_132' title='bbox 535 2541 704 2617; x_wconf 89' lang='lat' dir='ltr'><strong>societati</strong></span> <span class='ocrx_word' id='word_1_133' title='bbox 732 2559 878 2626; x_wconf 83' lang='lat' dir='ltr'><strong>nostrae,</strong></span> <span class='ocrx_word' id='word_1_134' title='bbox 900 2540 996 2614; x_wconf 91' lang='lat' dir='ltr'><strong>adeo</strong></span> <span class='ocrx_word' id='word_1_135' title='bbox 1015 2565 1081 2614; x_wconf 92' lang='lat' dir='ltr'><strong>sua</strong></span> <span class='ocrx_word' id='word_1_136' title='bbox 1104 2539 1284 2614; x_wconf 89' lang='lat' dir='ltr'><strong>civilitate</strong></span> <span class='ocrx_word' id='word_1_137' title='bbox 1302 2559 1340 2616; x_wconf 88' lang='lat' dir='ltr'><strong>et</strong></span> <span class='ocrx_word' id='word_1_138' title='bbox 1359 2542 1506 2616; x_wconf 89' lang='lat' dir='ltr'><strong>urbani·</strong></span> 
     </span>
     <span class='ocr_line' id='line_1_20' title="bbox 251 2656 1507 2761; baseline 0.002 -27"><span class='ocrx_word' id='word_1_139' title='bbox 251 2677 328 2735; x_wconf 87' lang='lat' dir='ltr'><strong>tate</strong></span> <span class='ocrx_word' id='word_1_140' title='bbox 363 2660 510 2748; x_wconf 84' lang='lat' dir='ltr'><strong>inflatae,</strong></span> <span class='ocrx_word' id='word_1_141' title='bbox 545 2679 585 2736; x_wconf 93' lang='lat' dir='ltr'><strong>ut</strong></span> <span class='ocrx_word' id='word_1_142' title='bbox 613 2678 731 2735; x_wconf 91' lang='lat' dir='ltr'><strong>matre</strong></span> <span class='ocrx_word' id='word_1_143' title='bbox 764 2658 935 2734; x_wconf 89' lang='lat' dir='ltr'><strong>Ecclesia</strong></span> <span class='ocrx_word' id='word_1_144' title='bbox 970 2684 1011 2732; x_wconf 91' lang='lat' dir='ltr'><strong>se</strong></span> <span class='ocrx_word' id='word_1_145' title='bbox 1047 2683 1122 2732; x_wconf 91' lang='lat' dir='ltr'><strong>non</strong></span> <span class='ocrx_word' id='word_1_146' title='bbox 1158 2656 1306 2759; x_wconf 90' lang='lat' dir='ltr'><strong>longius</strong></span> <span class='ocrx_word' id='word_1_147' title='bbox 1338 2659 1507 2761; x_wconf 89' lang='lat' dir='ltr'><strong>indigere</strong></span> 
     </span>
     <span class='ocr_line' id='line_1_21' title="bbox 252 2776 421 2853; baseline 0.018 -3"><span class='ocrx_word' id='word_1_148' title='bbox 252 2776 421 2853; x_wconf 82' lang='lat' dir='ltr'><strong>fateatur.</strong></span> 
     </span>
    </p>
   </div>
   <div class='ocr_carea' id='block_1_5' title="bbox 252 2901 1533 3122">
    <p class='ocr_par' dir='ltr' id='par_1_5' title="bbox 252 2901 1533 3122">
     <span class='ocr_line' id='line_1_22' title="bbox 306 2901 1533 3003; baseline 0.003 -25"><span class='ocrx_word' id='word_1_149' title='bbox 306 2904 461 2979; x_wconf 92' lang='lat' dir='ltr'><strong>Utinam</strong></span> <span class='ocrx_word' id='word_1_150' title='bbox 477 2905 628 2980; x_wconf 90' lang='lat' dir='ltr'><strong>tandem</strong></span> <span class='ocrx_word' id='word_1_151' title='bbox 659 2903 862 3001; x_wconf 84' lang='lat' dir='ltr'><strong>aliquando</strong></span> <span class='ocrx_word' id='word_1_152' title='bbox 888 2901 1088 2978; x_wconf 90' lang='lat' dir='ltr'><strong>societates</strong></span> <span class='ocrx_word' id='word_1_153' title='bbox 1113 2919 1250 2978; x_wconf 90' lang='lat' dir='ltr'><strong>nostrae</strong></span> <span class='ocrx_word' id='word_1_154' title='bbox 1274 2923 1451 3003; x_wconf 89' lang='lat' dir='ltr'><strong>saperent</strong></span> <span class='ocrx_word' id='word_1_155' title='bbox 1469 2925 1507 2982; x_wconf 89' lang='lat' dir='ltr'><strong>et</strong></span> <span class='ocrx_word' id='word_1_156' title='bbox 1532 2927 1533 2931; x_wconf 73' lang='grc'>’</span> 
     </span>
     <span class='ocr_line' id='line_1_23' title="bbox 252 3021 523 3122; baseline 0.004 -26"><span class='ocrx_word' id='word_1_157' title='bbox 252 3021 523 3122; x_wconf 89' lang='lat' dir='ltr'><strong>intelligerent!</strong></span> 
     </span>
    </p>
   </div>
   <div class='ocr_carea' id='block_1_6' title="bbox 253 3156 1508 3496">
    <p class='ocr_par' dir='ltr' id='par_1_6' title="bbox 253 3156 1508 3496">
     <span class='ocr_line' id='line_1_24' title="bbox 306 3156 1507 3234; baseline 0.002 -2"><span class='ocrx_word' id='word_1_158' title='bbox 306 3158 446 3232; x_wconf 90' lang='lat' dir='ltr'><strong>Nonne</strong></span> <span class='ocrx_word' id='word_1_159' title='bbox 478 3158 514 3232; x_wconf 92' lang='lat' dir='ltr'><strong>in</strong></span> <span class='ocrx_word' id='word_1_160' title='bbox 551 3157 673 3232; x_wconf 90' lang='lat' dir='ltr'><strong>citatis</strong></span> <span class='ocrx_word' id='word_1_161' title='bbox 697 3156 804 3231; x_wconf 89' lang='lat' dir='ltr'><strong>factis</strong></span> <span class='ocrx_word' id='word_1_162' title='bbox 835 3156 1020 3232; x_wconf 91' lang='lat' dir='ltr'><strong>historicis</strong></span> <span class='ocrx_word' id='word_1_163' title='bbox 1047 3157 1286 3233; x_wconf 87' lang='lat' dir='ltr'><strong>Providentia</strong></span> <span class='ocrx_word' id='word_1_164' title='bbox 1308 3159 1382 3233; x_wconf 90' lang='lat' dir='ltr'><strong>Dei</strong></span> <span class='ocrx_word' id='word_1_165' title='bbox 1421 3161 1507 3234; x_wconf 90' lang='lat' dir='ltr'><strong>sub·</strong></span> 
     </span>
     <span class='ocr_line' id='line_1_25' title="bbox 253 3275 1507 3375; baseline 0.002 -24"><span class='ocrx_word' id='word_1_166' title='bbox 253 3276 462 3351; x_wconf 88' lang='lat' dir='ltr'><strong>ministrare</strong></span> <span class='ocrx_word' id='word_1_167' title='bbox 481 3277 628 3350; x_wconf 91' lang='lat' dir='ltr'><strong>videtur</strong></span> <span class='ocrx_word' id='word_1_168' title='bbox 642 3293 873 3375; x_wconf 89' lang='lat' dir='ltr'><strong>argumenta,</strong></span> <span class='ocrx_word' id='word_1_169' title='bbox 892 3300 965 3349; x_wconf 91' lang='lat' dir='ltr'><strong>non</strong></span> <span class='ocrx_word' id='word_1_170' title='bbox 980 3275 1059 3373; x_wconf 87' lang='lat' dir='ltr'><strong>jam</strong></span> <span class='ocrx_word' id='word_1_171' title='bbox 1088 3276 1233 3372; x_wconf 91' lang='lat' dir='ltr'><strong>privata</strong></span> <span class='ocrx_word' id='word_1_172' title='bbox 1261 3276 1328 3350; x_wconf 88' lang='lat' dir='ltr'><strong>sed</strong></span> <span class='ocrx_word' id='word_1_173' title='bbox 1347 3277 1507 3366; x_wconf 91' lang='lat' dir='ltr'><strong>socialia,</strong></span> 
     </span>
     <span class='ocr_line' id='line_1_26' title="bbox 253 3394 1508 3496; baseline 0.004 -27"><span class='ocrx_word' id='word_1_174' title='bbox 253 3395 390 3470; x_wconf 84' lang='lat' dir='ltr'><strong>divinae</strong></span> <span class='ocrx_word' id='word_1_175' title='bbox 415 3395 562 3470; x_wconf 88' lang='lat' dir='ltr'><strong>virtutis</strong></span> <span class='ocrx_word' id='word_1_176' title='bbox 589 3394 771 3470; x_wconf 82' lang='lat' dir='ltr'><strong>Ecclesiae</strong></span> <span class='ocrx_word' id='word_1_177' title='bbox 798 3397 980 3469; x_wconf 82' lang='lat' dir='ltr'><strong>Romanae</strong></span> <span class='ocrx_word' id='word_1_178' title='bbox 1000 3394 1163 3470; x_wconf 87' lang='lat' dir='ltr'><strong>inditae?</strong></span> <span class='ocrx_word' id='word_1_179' title='bbox 1198 3394 1354 3470; x_wconf 91' lang='lat' dir='ltr'><strong>Utinam</strong></span> <span class='ocrx_word' id='word_1_180' title='bbox 1382 3396 1508 3496; x_wconf 90' lang='lat' dir='ltr'><strong>itaque</strong></span> 
     </span>
    </p>
   </div>
   <div class='ocr_carea' id='block_1_7' title="bbox 141 3511 1510 3612">
    <p class='ocr_par' dir='ltr' id='par_1_7' title="bbox 141 3511 1510 3612">
     <span class='ocr_line' id='line_1_27' title="bbox 141 3511 1510 3612; baseline 0.003 -25"><span class='ocrx_word' id='word_1_181' title='bbox 141 3511 147 3523; x_wconf 91' lang='grc'><strong><em>’</em></strong></span> <span class='ocrx_word' id='word_1_182' title='bbox 252 3530 428 3610; x_wconf 90' lang='lat' dir='ltr'><strong>saperent</strong></span> <span class='ocrx_word' id='word_1_183' title='bbox 445 3531 484 3589; x_wconf 91' lang='lat' dir='ltr'><strong>et</strong></span> <span class='ocrx_word' id='word_1_184' title='bbox 502 3512 753 3612; x_wconf 88' lang='lat' dir='ltr'><strong>intelligerent</strong></span> <span class='ocrx_word' id='word_1_185' title='bbox 770 3531 884 3611; x_wconf 89' lang='lat' dir='ltr'><strong>atque</strong></span> <span class='ocrx_word' id='word_1_186' title='bbox 902 3511 1080 3611; x_wconf 89' lang='lat' dir='ltr'><strong>singulari</strong></span> <span class='ocrx_word' id='word_1_187' title='bbox 1103 3513 1354 3588; x_wconf 67' lang='lat' dir='ltr'><strong>Providentiae</strong></span> <span class='ocrx_word' id='word_1_188' title='bbox 1372 3514 1510 3591; x_wconf 85' lang='lat' dir='ltr'><strong>divinae</strong></span> 
     </span>
    </p>
   </div>
   <div class='ocr_carea' id='block_1_8' title="bbox 252 3630 1523 3969">
    <p class='ocr_par' dir='ltr' id='par_1_8' title="bbox 252 3630 1523 3969">
     <span class='ocr_line' id='line_1_28' title="bbox 252 3630 1510 3715; baseline 0.002 -9"><span class='ocrx_word' id='word_1_189' title='bbox 252 3656 336 3706; x_wconf 92' lang='lat' dir='ltr'><strong>sese</strong></span> <span class='ocrx_word' id='word_1_190' title='bbox 367 3631 643 3707; x_wconf 81' lang='lat' dir='ltr'><strong>conformarent</strong></span> <span class='ocrx_word' id='word_1_191' title='bbox 674 3632 845 3715; x_wconf 90' lang='lat' dir='ltr'><strong>civitates</strong></span> <span class='ocrx_word' id='word_1_192' title='bbox 868 3649 906 3707; x_wconf 90' lang='lat' dir='ltr'><strong>et</strong></span> <span class='ocrx_word' id='word_1_193' title='bbox 937 3632 1136 3707; x_wconf 90' lang='lat' dir='ltr'><strong>societates</strong></span> <span class='ocrx_word' id='word_1_194' title='bbox 1155 3630 1283 3706; x_wconf 92' lang='lat' dir='ltr'><strong>civiles</strong></span> <span class='ocrx_word' id='word_1_195' title='bbox 1320 3633 1510 3709; x_wconf 77' lang='lat' dir='ltr'><strong>moderna</strong></span> 
     </span>
     <span class='ocr_line' id='line_1_29' title="bbox 252 3749 1523 3849; baseline 0.005 -26"><span class='ocrx_word' id='word_1_196' title='bbox 252 3775 336 3847; x_wconf 88' lang='lat' dir='ltr'><strong>quae</strong></span> <span class='ocrx_word' id='word_1_197' title='bbox 355 3749 522 3848; x_wconf 90' lang='lat' dir='ltr'><strong>quotidie</strong></span> <span class='ocrx_word' id='word_1_198' title='bbox 541 3767 743 3824; x_wconf 91' lang='lat' dir='ltr'><strong>nascuntur</strong></span> <span class='ocrx_word' id='word_1_199' title='bbox 762 3749 799 3824; x_wconf 93' lang='lat' dir='ltr'><strong>in</strong></span> <span class='ocrx_word' id='word_1_200' title='bbox 821 3750 984 3849; x_wconf 89' lang='lat' dir='ltr'><strong>Europa,</strong></span> <span class='ocrx_word' id='word_1_201' title='bbox 996 3749 1034 3823; x_wconf 95' lang='lat' dir='ltr'><strong>in</strong></span> <span class='ocrx_word' id='word_1_202' title='bbox 1053 3749 1238 3837; x_wconf 75' lang='lat' dir='ltr'><strong>Amerina,</strong></span> <span class='ocrx_word' id='word_1_203' title='bbox 1254 3750 1291 3824; x_wconf 94' lang='lat' dir='ltr'><strong>in</strong></span> <span class='ocrx_word' id='word_1_204' title='bbox 1311 3750 1418 3826; x_wconf 86' lang='lat' dir='ltr'><strong>terris</strong></span> <span class='ocrx_word' id='word_1_205' title='bbox 1432 3750 1523 3829; x_wconf 77' lang='lat' dir='ltr'><strong>lon··</strong></span> 
     </span>
     <span class='ocr_line' id='line_1_30' title="bbox 252 3867 788 3969; baseline 0.002 -27"><span class='ocrx_word' id='word_1_206' title='bbox 252 3868 404 3969; x_wconf 91' lang='lat' dir='ltr'><strong>ginquis</strong></span> <span class='ocrx_word' id='word_1_207' title='bbox 416 3885 454 3943; x_wconf 89' lang='lat' dir='ltr'><strong>ct</strong></span> <span class='ocrx_word' id='word_1_208' title='bbox 472 3867 601 3943; x_wconf 91' lang='lat' dir='ltr'><strong>insulis</strong></span> <span class='ocrx_word' id='word_1_209' title='bbox 624 3867 788 3944; x_wconf 89' lang='lat' dir='ltr'><strong>Oceani!</strong></span> 
     </span>
    </p>
   </div>
   <div class='ocr_carea' id='block_1_9' title="bbox 254 4003 1514 4698">
    <p class='ocr_par' dir='ltr' id='par_1_9' title="bbox 254 4003 1514 4698">
     <span class='ocr_line' id='line_1_31' title="bbox 305 4003 1511 4102; baseline 0.002 -24"><span class='ocrx_word' id='word_1_210' title='bbox 305 4004 395 4101; x_wconf 89' lang='lat' dir='ltr'><strong>Jure</strong></span> <span class='ocrx_word' id='word_1_211' title='bbox 411 4004 544 4079; x_wconf 91' lang='lat' dir='ltr'><strong>merito</strong></span> <span class='ocrx_word' id='word_1_212' title='bbox 563 4004 616 4078; x_wconf 91' lang='lat' dir='ltr'><strong>sic</strong></span> <span class='ocrx_word' id='word_1_213' title='bbox 635 4003 808 4102; x_wconf 89' lang='lat' dir='ltr'><strong>loquitur,</strong></span> <span class='ocrx_word' id='word_1_214' title='bbox 828 4004 892 4101; x_wconf 92' lang='lat' dir='ltr'><strong>qui</strong></span> <span class='ocrx_word' id='word_1_215' title='bbox 911 4023 1012 4078; x_wconf 89' lang='lat' dir='ltr'><strong>recte</strong></span> <span class='ocrx_word' id='word_1_216' title='bbox 1030 4003 1216 4078; x_wconf 91' lang='lat' dir='ltr'><strong>diceretur</strong></span> <span class='ocrx_word' id='word_1_217' title='bbox 1234 4004 1379 4079; x_wconf 91' lang='lat' dir='ltr'><strong>Doctor</strong></span> <span class='ocrx_word' id='word_1_218' title='bbox 1395 4006 1511 4081; x_wconf 90' lang='lat' dir='ltr'><strong>natio·</strong></span> 
     </span>
     <span class='ocr_line' id='line_1_32' title="bbox 254 4121 1512 4220; baseline 0.002 -23"><span class='ocrx_word' id='word_1_219' title='bbox 254 4149 354 4209; x_wconf 88' lang='lat' dir='ltr'><strong>num,</strong></span> <span class='ocrx_word' id='word_1_220' title='bbox 379 4123 480 4220; x_wconf 88' lang='lat' dir='ltr'><strong>Papa</strong></span> <span class='ocrx_word' id='word_1_221' title='bbox 501 4123 581 4196; x_wconf 89' lang='lat' dir='ltr'><strong>Leo</strong></span> <span class='ocrx_word' id='word_1_222' title='bbox 603 4123 708 4196; x_wconf 91' lang='lat' dir='ltr'><strong>Xlll</strong></span> <span class='ocrx_word' id='word_1_223' title='bbox 732 4122 768 4196; x_wconf 94' lang='lat' dir='ltr'><strong>in</strong></span> <span class='ocrx_word' id='word_1_224' title='bbox 796 4121 952 4196; x_wconf 88' lang='lat' dir='ltr'><strong>mirabili</strong></span> <span class='ocrx_word' id='word_1_225' title='bbox 971 4147 1039 4197; x_wconf 93' lang='lat' dir='ltr'><strong>sua</strong></span> <span class='ocrx_word' id='word_1_226' title='bbox 1057 4121 1245 4220; x_wconf 88' lang='lat' dir='ltr'><strong>encyclica</strong></span> <span class='ocrx_word' id='word_1_227' title='bbox 1266 4135 1287 4163; x_wconf 90' lang='lat'>“</span> <span class='ocrx_word' id='word_1_228' title='bbox 1310 4125 1371 4200; x_wconf 95' lang='lat' dir='ltr'><strong>De</strong></span> <span class='ocrx_word' id='word_1_229' title='bbox 1385 4125 1512 4200; x_wconf 89' lang='lat' dir='ltr'><strong>civita·</strong></span> 
     </span>
     <span class='ocr_line' id='line_1_33' title="bbox 254 4240 1513 4319; baseline 0.002 -3"><span class='ocrx_word' id='word_1_230' title='bbox 254 4260 333 4316; x_wconf 91' lang='lat' dir='ltr'><strong>tum</strong></span> <span class='ocrx_word' id='word_1_231' title='bbox 352 4241 619 4315; x_wconf 91' lang='lat' dir='ltr'><strong>constitutione</strong></span> <span class='ocrx_word' id='word_1_232' title='bbox 636 4240 847 4317; x_wconf 90' lang='lat' dir='ltr'><strong>christiana.</strong></span> <span class='ocrx_word' id='word_1_233' title='bbox 866 4240 1195 4318; x_wconf 87' lang='lat' dir='ltr'><strong>&#39;&#39;-“lmmortale</strong></span> <span class='ocrx_word' id='word_1_234' title='bbox 1210 4242 1283 4318; x_wconf 90' lang='lat' dir='ltr'><strong>Dei</strong></span> <span class='ocrx_word' id='word_1_235' title='bbox 1304 4244 1513 4319; x_wconf 88' lang='lat' dir='ltr'><strong>miserentis</strong></span> 
     </span>
     <span class='ocr_line' id='line_1_34' title="bbox 255 4358 1513 4459; baseline 0.002 -25"><span class='ocrx_word' id='word_1_236' title='bbox 255 4386 359 4458; x_wconf 92' lang='lat' dir='ltr'><strong>opus,</strong></span> <span class='ocrx_word' id='word_1_237' title='bbox 380 4360 482 4457; x_wconf 91' lang='lat' dir='ltr'><strong>quod</strong></span> <span class='ocrx_word' id='word_1_238' title='bbox 500 4380 559 4434; x_wconf 90' lang='lat' dir='ltr'><strong>est</strong></span> <span class='ocrx_word' id='word_1_239' title='bbox 579 4358 760 4447; x_wconf 87' lang='lat' dir='ltr'><strong>Ecclesia,</strong></span> <span class='ocrx_word' id='word_1_240' title='bbox 777 4384 1003 4459; x_wconf 90' lang='lat' dir='ltr'><strong>quamquam</strong></span> <span class='ocrx_word' id='word_1_241' title='bbox 1020 4385 1086 4457; x_wconf 92' lang='lat' dir='ltr'><strong>per</strong></span> <span class='ocrx_word' id='word_1_242' title='bbox 1104 4386 1146 4435; x_wconf 88' lang='lat' dir='ltr'><strong>se</strong></span> <span class='ocrx_word' id='word_1_243' title='bbox 1164 4379 1203 4435; x_wconf 91' lang='lat' dir='ltr'><strong>et</strong></span> <span class='ocrx_word' id='word_1_244' title='bbox 1223 4379 1354 4437; x_wconf 89' lang='lat' dir='ltr'><strong>natura</strong></span> <span class='ocrx_word' id='word_1_245' title='bbox 1372 4388 1439 4436; x_wconf 92' lang='lat' dir='ltr'><strong>sua</strong></span> <span class='ocrx_word' id='word_1_246' title='bbox 1456 4387 1513 4437; x_wconf 93' lang='lat' dir='ltr'><strong>sa·</strong></span> 
     </span>
     <span class='ocr_line' id='line_1_35' title="bbox 255 4477 1514 4578; baseline 0.004 -25"><span class='ocrx_word' id='word_1_247' title='bbox 255 4478 371 4554; x_wconf 88' lang='lat' dir='ltr'><strong>lutem</strong></span> <span class='ocrx_word' id='word_1_248' title='bbox 391 4495 535 4575; x_wconf 92' lang='lat' dir='ltr'><strong>spectat</strong></span> <span class='ocrx_word' id='word_1_249' title='bbox 564 4478 773 4552; x_wconf 89' lang='lat' dir='ltr'><strong>animorum</strong></span> <span class='ocrx_word' id='word_1_250' title='bbox 796 4477 1155 4578; x_wconf 91' lang='lat' dir='ltr'><strong>adipiscendamque</strong></span> <span class='ocrx_word' id='word_1_251' title='bbox 1174 4481 1211 4555; x_wconf 93' lang='lat' dir='ltr'><strong>in</strong></span> <span class='ocrx_word' id='word_1_252' title='bbox 1230 4480 1343 4555; x_wconf 90' lang='lat' dir='ltr'><strong>coelis</strong></span> <span class='ocrx_word' id='word_1_253' title='bbox 1362 4481 1514 4559; x_wconf 79' lang='lat' dir='ltr'><strong>felicita-</strong></span> 
     </span>
     <span class='ocr_line' id='line_1_36' title="bbox 256 4595 1514 4698; baseline 0.004 -25"><span class='ocrx_word' id='word_1_254' title='bbox 256 4615 343 4682; x_wconf 90' lang='lat' dir='ltr'><strong>tem,</strong></span> <span class='ocrx_word' id='word_1_255' title='bbox 362 4614 487 4671; x_wconf 90' lang='lat' dir='ltr'><strong>tamen</strong></span> <span class='ocrx_word' id='word_1_256' title='bbox 507 4596 544 4669; x_wconf 92' lang='lat' dir='ltr'><strong>in</strong></span> <span class='ocrx_word' id='word_1_257' title='bbox 577 4596 659 4693; x_wconf 91' lang='lat' dir='ltr'><strong>ipso</strong></span> <span class='ocrx_word' id='word_1_258' title='bbox 676 4595 790 4671; x_wconf 90' lang='lat' dir='ltr'><strong>etiam</strong></span> <span class='ocrx_word' id='word_1_259' title='bbox 820 4621 943 4672; x_wconf 87' lang='lat' dir='ltr'><strong>rerum</strong></span> <span class='ocrx_word' id='word_1_260' title='bbox 973 4596 1184 4673; x_wconf 92' lang='lat' dir='ltr'><strong>mortalium</strong></span> <span class='ocrx_word' id='word_1_261' title='bbox 1212 4623 1354 4698; x_wconf 85' lang='lat' dir='ltr'><strong>genere</strong></span> <span class='ocrx_word' id='word_1_262' title='bbox 1389 4619 1445 4678; x_wconf 89' lang='lat' dir='ltr'><strong>tot</strong></span> <span class='ocrx_word' id='word_1_263' title='bbox 1472 4629 1514 4678; x_wconf 86' lang='lat' dir='ltr'><strong>ac</strong></span> 
     </span>
    </p>
   </div>
   <div class='ocr_carea' id='block_1_10' title="bbox 310 4743 1466 4805">
    <p class='ocr_par' dir='ltr' id='par_1_10' title="bbox 310 4743 1466 4805">
     <span class='ocr_line' id='line_1_37' title="bbox 310 4743 1466 4805; baseline -0.004 -17"><span class='ocrx_word' id='word_1_264' title='bbox 310 4746 369 4798; x_wconf 73' lang='lat' dir='ltr'><strong>Papa</strong></span> <span class='ocrx_word' id='word_1_265' title='bbox 382 4743 410 4788; x_wconf 79' lang='lat' dir='ltr'><strong>sit</strong></span> <span class='ocrx_word' id='word_1_266' title='bbox 423 4759 461 4787; x_wconf 80' lang='lat' dir='ltr'><strong>rex</strong></span> <span class='ocrx_word' id='word_1_267' title='bbox 476 4744 559 4788; x_wconf 64' lang='lat' dir='ltr'><strong>Roma.</strong></span> <span class='ocrx_word' id='word_1_268' title='bbox 1442 4766 1466 4805; x_wconf 70' lang='lat'><strong>‚3</strong></span> 
     </span>
    </p>
   </div>
   <div class='ocr_carea' id='block_1_11' title="bbox 0 0 1770 5482">
    <p class='ocr_par' dir='ltr' id='par_1_11' title="bbox 0 0 1770 5482">
     <span class='ocr_line' id='line_1_38' title="bbox 0 0 1770 5482; baseline 0 0"><span class='ocrx_word' id='word_1_269' title='bbox 0 0 1770 5482; x_wconf 95' lang='lat' dir='ltr'><strong> </strong></span> 
     </span>
    </p>
   </div>
  </div>
 </body>
</html>
