3496 5482
330 524 373 593 18
736 540 829 590 enea
857 540 917 590 sm
945 539 1019 589 nex
1049 539 1176 590 noum.

376 705 636 783 Socialismum
655 723 780 779 autem
801 705 951 778 vincere
969 704 1049 778 sola
1070 704 1240 779 Ecclesia
1258 724 1396 800 potens
1414 723 1481 780 est.

381 824 473 899 Ideo
487 822 603 897 libera
616 823 665 896 sit
677 822 713 896 in
725 848 793 896 sua
807 821 969 896 actione!
984 821 1113 918 Atque
1126 821 1243 896 libera
1256 841 1401 898 nonest
1418 822 1588 898 Ecclesia

325 943 415 1017 dum
432 943 555 1038 Caput
573 940 654 1039 ejus
673 959 731 1015 est
750 941 787 1015 in
806 940 1033 1037 captivitate,
1056 939 1093 1013 in
1113 956 1301 1036 potestate
1320 940 1481 1015 alterius.

380 1059 574 1134 Reddatur
585 1083 678 1159 ergo
693 1057 753 1144 illi,
775 1074 812 1132 et
831 1057 982 1155 quidem
995 1056 1228 1154 quantocius,
1244 1057 1461 1131 omnimoda
1479 1056 1587 1131 liber·

326 1195 384 1252 tas
403 1176 533 1251 civilis

378 1293 438 1370 Sit
456 1319 548 1394 ergo
570 1294 672 1392 Papa
694 1294 778 1368 Rex
799 1293 944 1366 Romae.

379 1413 439 1487 En
470 1429 702 1486 momentum
729 1409 949 1508 quaestionis
980 1408 1101 1508 hujus,
1135 1435 1221 1506 quae
1251 1409 1402 1506 quidem
1432 1427 1588 1483 vocatur
1672 1426 1676 1431 ·

329 1530 511 1615 Romana,
532 1529 599 1603 sed
619 1527 743 1624 potius
762 1525 993 1613 universalis,
1014 1524 1172 1613 socialis,
1191 1537 1211 1565 ‘⁸
1224 1523 1442 1600 civilisatrix
1457 1525 1588 1601 ”esset

326 1646 495 1721 dicenda.

379 1763 617 1838 Restauratio
636 1762 778 1836 ordinis
797 1761 943 1836 socialis
963 1759 1169 1857 perturbati
1190 1759 1345 1858 incipiat
1364 1787 1386 1834 a
1405 1780 1586 1836 restaura·

326 1881 427 1956 tione
445 1880 625 1956 libertatis
643 1880 823 1954 Ecclesiae
842 1882 878 1954 in
895 1880 1029 1977 Capite
1047 1904 1127 1954 suo.

378 1998 475 2093 Quae
492 2024 576 2073 cum
597 1997 689 2072 tanti
709 1999 782 2072 sint
796 1996 986 2084 momenti,
1009 1997 1108 2071 haud
1128 2020 1456 2094 supervacaneum
1475 2013 1533 2070 est
1548 2013 1587 2070 ut

326 2115 443 2191 sosius
462 2116 684 2192 evolvantur
702 2136 814 2213 atque
834 2115 1031 2190 fulciantur
1044 2113 1261 2190 testimonio
1277 2113 1485 2211 praesertim
1508 2114 1586 2188 Do·

325 2235 439 2309 ctoris
459 2232 670 2307 infallibilis.

379 2364 400 2393 ‘⁴
423 2354 551 2428 Unum
571 2380 618 2427 ex
637 2351 868 2452 gravissimis
892 2377 934 2426 ac
950 2352 1112 2427 maxime
1131 2352 1374 2427 formidandis
1402 2352 1584 2450 periculis,

327 2498 424 2570 quae
438 2471 536 2546 civili
552 2472 730 2546 Societati
747 2471 933 2569 praesenti
953 2489 1122 2568 tempore
1138 2471 1343 2557 imminent,
1357 2489 1444 2545 sunt
1458 2469 1584 2568 procul

326 2590 442 2664 dubio
462 2588 690 2664 tumultuosa
720 2587 988 2662 socialistarum
1010 2588 1319 2675 machinamenta,
1346 2589 1410 2687 qui
1435 2615 1517 2663 eam
1537 2588 1585 2662 ab

326 2710 409 2783 imis
438 2709 690 2784 fundamentis
715 2708 903 2806 susdeque
932 2726 1079 2782 vertere
1113 2707 1291 2782 nituntur.
1317 2707 1432 2782 Cuius
1459 2727 1586 2782 sectae

326 2827 422 2900 adeo
441 2845 499 2900 est
519 2846 651 2900 natura
682 2825 833 2922 perlida,
863 2844 967 2899 tanta
987 2825 1036 2898 ob
1056 2825 1111 2899 sui
1132 2825 1225 2899 mire
1243 2844 1475 2922 compactam
1500 2850 1587 2900 con·

326 2944 559 3018 stitutionem
578 2944 757 3041 potentia,
779 2962 883 3017 tanta
911 2943 1192 3040 propositorum
1211 2942 1375 3027 audacia,
1397 2960 1437 3016 ut
1455 2968 1587 3017 omnes

328 3061 426 3135 vires
446 3061 530 3134 huic
552 3061 752 3135 calamitati
781 3061 1010 3135 avertendae
1029 3078 1262 3158 opportunas
1293 3060 1463 3135 conferre
1492 3086 1587 3158 opus

327 3179 374 3252 sit
393 3178 441 3251 ad
460 3177 555 3252 illius
584 3178 773 3253 sistendos
804 3203 1037 3277 progressus.
1076 3177 1224 3252 Harum
1252 3178 1419 3251 omnium
1452 3178 1587 3251 virium

328 3297 588 3393 potentissima
616 3313 673 3370 est
708 3295 857 3395 Religio
886 3314 999 3392 atque
1034 3293 1216 3372 Ecclesia.
1249 3295 1341 3372 Sine
1370 3295 1450 3381 hac,
1484 3295 1588 3395 leges

328 3419 440 3494 etiam
461 3420 731 3506 severissimae,
758 3419 983 3518 rigidissima
1004 3415 1243 3492 tribunalium
1270 3417 1402 3504 edicta,
1433 3418 1588 3516 ipsaque

328 3553 470 3610 armata
488 3537 546 3610 vis
565 3534 707 3610 inutilia
721 3555 834 3634 atque
854 3536 1008 3633 imparia
1025 3535 1252 3623 evaderent3
1269 3537 1586 3632 quemadmodum

328 3653 416 3729 olim
435 3673 564 3729 contra
583 3655 825 3729 barbarorum
843 3654 997 3753 agmina
1016 3651 1218 3726 materialis
1237 3653 1294 3726 vis
1313 3654 1587 3753 necquidquam

329 3774 454 3860 valuit,
475 3775 543 3848 sed
561 3773 641 3848 sola
659 3774 882 3848 christianae
904 3772 1113 3872 Religionis
1133 3772 1251 3846 virtus
1271 3771 1325 3874 (¹)
1342 3773 1361 3801 ’‘

379 3891 664 3990 Sapientissima
675 3890 1017 3989 perspiciunturilla
1027 3888 1186 3973 dicta,ex
1201 3915 1273 3964 una
1285 3910 1391 3988 parte
1402 3891 1450 3965 ab
1463 3889 1588 3966 indole

329 4009 537 4096 socialismi,
572 4035 620 4084 ex
651 4009 722 4083 alia
751 4034 842 4084 vero
869 4035 892 4082 a
922 4027 1052 4083 natura
1085 4007 1215 4081 intima
1250 4009 1366 4106 ipsius
1407 4009 1589 4085 Ecclesiae

328 4125 482 4207 Christi.

381 4244 483 4338 Quid
502 4243 642 4331 volunt,
656 4244 746 4342 quid
765 4243 835 4318 sibi
856 4244 1046 4321 vindicant
1075 4245 1222 4322 barbari
1243 4246 1302 4320 isti
1321 4245 1439 4320 coaevi
1459 4245 1586 4331 nostri,

329 4363 555 4438 socialistae?

383 4491 404 4522 ‘⁴
424 4483 460 4556 N
467 4507 509 4556 ec
536 4481 643 4556 Deus
670 4480 717 4555 sit
749 4507 817 4556 nec
848 4481 961 4557 herus
979 4482 1085 4571 ullus,
1108 4510 1176 4559 nec
1204 4482 1413 4582 proprietas
1442 4483 1588 4581 privata

366 4698 389 4741 t.
410 4685 469 4739 Leo
482 4684 568 4752 Xlll,
584 4684 649 4739 Litt.
662 4683 700 4739 ad
714 4684 810 4755 Episc.
827 4685 900 4753 Ital,
917 4698 947 4756 ις
963 4687 1027 4742 Oct
1046 4690 1121 4756 1890.
