3496 5482
655 511 748 561 ΡΑΡΑ
776 510 835 562 Sl'l'
863 512 937 561 REX
967 512 1093 562 ROMAE.

240 686 362 744 castra
375 671 551 746 deserere
563 690 601 747 et
616 671 731 749 latere
749 671 857 746 velle.
874 671 1153 747 Catholicorum
1173 671 1313 770 quippe
1341 670 1511 746 officium

242 806 299 864 est
317 790 517 864 stationem
537 790 642 876 tueri,
663 815 780 888 seque
798 807 1018 887 exporrecta
1034 790 1155 865 lronte
1166 815 1278 864 veros
1289 788 1510 875 catholicos,

242 905 316 982 fide
334 926 372 981 et
390 907 567 1004 operibus
588 907 672 982 fidei
687 909 1011 1005 respondentibus,
1032 909 1254 993 ostendere;
1282 908 1394 1005 idque
1421 933 1512 982 cum

242 1023 278 1098 in
315 1023 523 1125 Religionis
552 1025 732 1100 honorem
752 1052 793 1100 ac
807 1025 931 1111 decus,
952 1024 1188 1123 gloriamque
1208 1026 1352 1100 Summi
1376 1025 1510 1108 Ducis,

242 1141 348 1241 cujus
383 1143 543 1242 insignia
577 1162 777 1229 sectantur,
816 1161 895 1217 tum
941 1170 987 1217 ne
1023 1143 1226 1217 maximum
1263 1143 1510 1244 infortunium

242 1261 406 1358 supremi
422 1261 551 1359 judicii
579 1261 653 1335 diei
673 1262 842 1347 subeant,
871 1263 973 1359 quod
992 1279 1049 1335 est
1068 1287 1090 1335 a
1108 1262 1238 1336 divino
1262 1262 1394 1358 judice
1413 1278 1509 1334 tam·

243 1403 355 1475 quam
375 1378 451 1474 lpsi
466 1379 616 1478 ignotos
631 1379 768 1476 repelli,
785 1404 907 1476 neque
923 1397 961 1453 ut
975 1405 1064 1453 suos
1078 1378 1280 1476 discipulos
1294 1379 1342 1452 ab
1356 1379 1509 1453 Eodem

244 1497 408 1595 agnosci,
429 1521 541 1594 quem
560 1496 683 1595 palam
702 1498 866 1572 edixisse
886 1497 1083 1571 novimus:
1106 1498 1182 1587 Qut
1200 1508 1340 1571 nonest
1358 1521 1509 1583 mecum,

244 1624 373 1689 contra
392 1640 447 1687 me
463 1624 516 1689 cst
534 1611 589 1714 (¹).

300 1742 319 1772 “
338 1732 451 1808 Hora
469 1742 521 1807 est
536 1735 624 1831 jum
642 1760 706 1809 nos
731 1734 774 1807 de
791 1761 913 1809 somno
943 1740 1125 1832 surgere!
1142 1732 1161 1761 ''
1180 1733 1276 1808 Cum
1297 1732 1410 1831 igitur
1427 1733 1512 1829 ipsa

246 1869 349 1926 secta
369 1877 436 1949 per
453 1851 672 1950 suffragium
693 1852 904 1927 universale
935 1852 1137 1927 electorum
1158 1869 1275 1926 totam
1295 1851 1371 1925 vim
1391 1876 1510 1948 penes

250 1971 409 2071 populos
441 1971 657 2047 translatam
689 1995 773 2045 esse
800 1970 1018 2057 decreverit,
1052 1970 1142 2067 quid
1172 1988 1229 2043 est
1260 1994 1325 2042 cur
1348 1966 1511 2066 populus

250 2088 455 2165 catholicus
468 2115 541 2164 non
557 2089 737 2186 arriperet
748 2113 852 2162 arma
864 2086 924 2162 illa
944 2086 1106 2174 moralia,
1123 2106 1160 2161 et
1178 2087 1362 2186 genuinas
1381 2086 1511 2160 catho-

249 2208 402 2282 licarum
436 2205 638 2280 lactionum
668 2206 914 2304 aspirationes
945 2205 1064 2303 magis
1096 2206 1291 2304 magisque
1319 2205 1356 2278 in
1386 2202 1510 2277 lucem

250 2324 454 2422 prodendo,
477 2349 550 2397 non
566 2325 644 2421 jam
664 2323 820 2423 eligeret
839 2323 964 2410 ullum,
981 2324 1044 2421 qui
1059 2322 1184 2421 populi
1204 2322 1450 2418 aspirationes
1470 2321 1509 2393 in

247 2442 407 2518 coetibus
426 2441 582 2540 publicis
602 2462 639 2516 et
658 2442 820 2541 legiferis
840 2460 1134 2540 repraesentaret,
1159 2441 1228 2514 nisi
1247 2440 1348 2538 prius
1367 2438 1508 2536 proles·

251 2587 315 2635 sus
334 2578 435 2635 esset
465 2586 507 2634 se
538 2560 617 2635 sore
648 2584 716 2657 pro
743 2573 913 2656 tempore
937 2578 975 2634 et
1003 2558 1284 2656 opportunitate
1314 2576 1509 2632 strenuum

250 2676 468 2752 bellatorem
488 2678 535 2751 ad
563 2677 793 2775 Apostolicae
824 2677 935 2752 Sedis
954 2677 1163 2751 libertatem
1197 2695 1234 2750 et
1253 2675 1509 2771 independen-

248 2795 336 2869 tiam
356 2795 530 2869 omnibus
549 2796 681 2869 mediis
698 2794 876 2894 legitimis
890 2795 1153 2869 vindicandam
1176 2795 1251 2868 ?-
1276 2793 1333 2868 lta
1355 2791 1509 2890 quidem

242 2917 353 3015 juxta
373 2915 513 2989 monita
542 2915 653 3010 Papae
675 2924 695 2954 “
715 2913 932 2987 enitendum
951 2930 1008 2986 est
1027 2912 1097 2986 sibi
1117 2911 1219 2986 omni
1252 2910 1400 2985 ratione
1418 2909 1511 3009 legi·

248 3033 337 3107 tima
357 3050 396 3106 ut
408 3032 530 3128 reipsa
547 3031 719 3106 Pontifex
736 3031 772 3104 in
788 3030 997 3104 libertatem
1014 3030 1180 3103 debitam
1204 3028 1419 3102 restituatur
1431 3028 1510 3126 (²).”

256 3153 315 3226 lta
334 3178 486 3250 quoque
507 3148 688 3226 Catholici
713 3163 731 3188 ‘¹
751 3151 831 3222 sine
849 3147 1102 3221 ostentatione
1120 3173 1162 3220 ac
1183 3145 1513 3231 timiditate,virilis

247 3289 285 3346 et
317 3270 466 3345 fidentis
497 3270 610 3344 animi
646 3269 834 3365 specimen
872 3266 1073 3364 praebeant,
1110 3266 1173 3364 qui
1205 3291 1251 3340 ex
1281 3263 1510 3338 conscientia

248 3390 434 3464 enascitur
453 3415 526 3486 qua
556 3387 715 3485 quisque
733 3409 803 3483 pro
820 3402 923 3458 certo
953 3383 1066 3457 habet
1085 3409 1126 3456 se
1155 3400 1328 3456 sanctum
1345 3380 1509 3455 officium

248 3533 373 3581 coram
397 3507 482 3579 Deo
501 3524 537 3579 et
558 3503 771 3577 hominibus
786 3501 991 3599 adimplere
1011 3498 1065 3600 (³).
1089 3501 1105 3527 ”
1553 3588 1555 3592 ⁴

300 3627 377 3701 Sed
398 3644 545 3720 tempus
560 3641 668 3720 urget
684 3650 690 3696 :
712 3647 785 3695 non
801 3640 858 3695 est
872 3621 1135 3695 cunctandum.
1151 3620 1235 3716 Jam
1254 3620 1348 3693 dixit
1362 3618 1509 3716 publice

253 3743 409 3829 Lemmi,
431 3759 519 3816 ante
541 3739 693 3814 Nathan
726 3757 835 3836 caput
856 3765 1042 3812 summum
1078 3739 1325 3812 Massonum:
1349 3751 1367 3778 ‘⁶
1391 3737 1509 3812 Nolu-

249 3886 331 3934 mus
352 3860 551 3957 nepotibus
572 3859 707 3931 nostris
727 3883 852 3931 curam
872 3858 1106 3930 committere
1126 3858 1321 3931 evertendi
1342 3857 1509 3931 funditus

249 4001 286 4056 et
306 3982 455 4079 penitus
473 3979 690 4054 destruendi
707 3977 918 4075 pontificale
932 3977 1065 4051 solium
1086 3973 1140 4076 (⁴).
1163 3976 1179 4001 ”

298 4101 457 4175 Videtur
474 4099 623 4172 audisse
641 4123 663 4169 a
682 4096 847 4170 Satana:
869 4107 889 4134 “
908 4095 1008 4192 quod
1030 4094 1128 4180 lacis,
1150 4093 1206 4166 sac
1226 4091 1334 4167 citius
1351 4095 1357 4167 !
1375 4093 1392 4119 '¹

302 4219 458 4294 Nesciat
478 4217 584 4291 tarda
604 4214 795 4288 molimina
814 4231 942 4287 nostra
961 4212 1116 4286 caritas!

1204 618 1326 624 --.-.-
1338 617 1495 626 ----,

1276 4365 1506 4376 -ῄ-

288 4447 310 4487 1.
330 4430 515 4499 Matth.,x11,
530 4445 570 4498 30.

284 4525 308 4565 2.
322 4511 410 4565 Alloc.
425 4525 460 4576 24
475 4510 544 4564 Maii
558 4510 632 4575 1889.

284 4606 308 4659 3.
330 4591 446 4658 Encycl.
463 4603 492 4658 15
509 4590 572 4644 Oct.
591 4591 664 4657 1890.

283 4685 307 4736 4.
329 4670 373 4723 De
387 4669 559 4738 T¹Serclaes‚
573 4678 591 4724 t.
608 4668 646 4737 11,
659 4686 686 4740 p.
701 4681 760 4735 ²¹7·
