3496 5482
349 544 417 610 160
752 557 846 606 cnm
874 555 933 607 s1r
962 556 1037 605 nux
1066 555 1192 605 nomm.

298 716 301 721 ’
343 717 501 817 populos
520 717 628 792 nobis
652 716 811 790 fideliter
825 716 1027 803 adhaerere,
1047 741 1115 789 nec
1131 740 1244 812 posse
1259 714 1425 812 pecuniis
1451 711 1603 810 largiter

343 838 513 936 profusis,
535 837 691 934 aliisque
721 836 900 933 improbis
925 835 1103 909 adhibitis
1124 833 1221 907 dolis
1239 858 1262 906 a
1286 832 1454 932 legitimo
1474 848 1602 934 nostro

343 959 498 1055 imperio
529 957 666 1043 divelli,
688 956 825 1040 idcirco
846 957 882 1030 in
915 956 1016 1054 ipsas
1047 955 1260 1053 provincias
1289 953 1442 1027 immisit
1459 953 1505 1050 a)
1522 969 1601 1025 tum

343 1078 572 1175 perditorum
591 1078 784 1151 hominum
817 1102 977 1164 manum,
999 1078 1063 1175 qui
1084 1077 1215 1151 turbas
1233 1075 1533 1171 seditionemque
1551 1073 1601 1146 ibi

343 1199 559 1284 excitarent,
580 1196 621 1295 b)
639 1216 717 1270 tum
744 1198 935 1295 ingentem
973 1222 1081 1269 suum
1115 1195 1331 1281 exercitum,
1352 1193 1415 1291 qui
1449 1191 1601 1267 easdem

343 1317 553 1415 provincias
581 1316 706 1391 hostili
723 1317 864 1414 impetu
880 1316 1093 1415 subjiceret.

393 1451 449 1554 (3)
472 1455 626 1552 “ipsum
649 1443 873 1554 gubernium
905 1456 1060 1530 victoria
1090 1455 1260 1540 abutens,
1283 1479 1395 1550 quam
1414 1451 1601 1535 bellicosae

343 1596 565 1670 magnaeque
592 1572 753 1646 nationis
768 1569 936 1672 (Galliae)
948 1572 1084 1670 opibus
1096 1572 1265 1671 adjutum
1280 1598 1328 1646 ex
1347 1570 1601 1644 funestissimo

344 1690 442 1764 bello
457 1691 720 1788 reportavit,...
739 1691 839 1765 haud
858 1693 1022 1788 pudet...
1048 1692 1231 1766 Nostrum
1245 1691 1519 1788 reprehendere
1534 1714 1600 1788 gu·

281 1851 283 1855 ·
344 1808 523 1894 bernium,
545 1828 744 1907 propterea
774 1810 876 1907 quod
896 1827 1024 1885 nostro
1044 1811 1222 1885 exercitui
1253 1810 1398 1884 externi
1427 1808 1599 1882 homines

345 1928 482 2004 suerint
500 1929 676 2027 adscripti
693 1956 849 2018 ;—cum
863 1958 887 2005 a
888 1930 908 2029 )
920 1956 1052 2006 omnes
1072 1951 1227 2006 noscant
1243 1931 1332 2005 nulli
1352 1929 1520 2029 legitimo
1534 1953 1601 2027 gu·

343 2047 473 2121 bernio
492 2047 670 2146 denegari
685 2073 850 2145 unquam
870 2075 983 2146 posse
997 2050 1061 2148 jus
1075 2049 1276 2146 coaptandi
1302 2049 1339 2121 in
1368 2074 1454 2122 suas
1473 2046 1601 2143 copias

343 2183 493 2240 exteros
508 2164 689 2241 homines.
703 2210 753 2222 -
772 2164 814 2263 b)
827 2165 940 2260 Quod
961 2167 1114 2265 quidem
1128 2167 1192 2264 jus
1211 2167 1346 2263 potiori
1364 2165 1526 2263 quadam
1546 2189 1601 2238 ra·

344 2283 446 2357 tione
464 2283 564 2361 ads.
585 2282 697 2358 Sedis
722 2283 948 2382 gubernium
968 2286 1142 2383 pertinet,
1163 2311 1248 2358 cum
1265 2285 1458 2358 Romanus
1476 2283 1601 2358 Ponti·

344 2399 417 2488 sex,
432 2401 640 2476 communis
658 2401 814 2475 onnium
833 2402 1111 2476 *catholicorum
1138 2421 1252 2500 pater,
1275 2427 1350 2476 non
1378 2419 1506 2499 posset
1526 2426 1600 2475 non

344 2518 589 2594 libentissime
607 2543 738 2592 omnes
757 2519 960 2594 catholicos
979 2522 1163 2618 excipere,
1184 2521 1248 2618 qui
1268 2519 1458 2619 religionis
1477 2519 1602 2594 studio

345 2635 503 2735 impulsi,
533 2636 648 2711 velint
685 2637 733 2710 ad
781 2635 960 2712 Ecclesiae
1000 2638 1259 2713 defensionem
1304 2662 1602 2712 concurrere.—

343 2753 383 2853 c)
396 2753 786 2828 Animadvertendum
831 2753 1045 2853 hujusmodi
1087 2754 1355 2830 catholicorum
1386 2772 1600 2829 exterorum

344 2896 566 2946 concursum
585 2870 698 2945 luisse
717 2872 923 2967 praesertim
942 2873 1145 2947 excitatum
1172 2873 1316 2947 illorum
1349 2871 1599 2969 improbitate,

345 2989 408 3087 qui
427 2986 573 3063 civilem
589 2988 698 3087 hujus
711 2987 749 3062 S.
764 2988 876 3063 Sedis
894 2990 1146 3087 Principatum
1166 2990 1334 3090 aggressi
1349 3008 1505 3064 sunt-
1516 2988 1600 3063 Sin·

345 3105 463 3206 gulari
494 3122 617 3179 autem
654 3104 885 3204 malignitate
921 3106 1167 3205 Subalpinum
1199 3107 1420 3207 gubernium
1450 3105 1602 3181 Nostris

347 3223 525 3298 militibus
543 3225 767 3297 mercenarii
782 3243 909 3298 notam
929 3251 995 3322 per
1012 3251 1197 3299 summam
1216 3225 1439 3299 calumniam
1455 3216 1601 3298 inurere

347 3339 499 3413 minime
517 3359 676 3425 veretur,
693 3367 778 3414 cum
798 3367 871 3416 non
890 3343 998 3439 pauci
1019 3343 1132 3417 nobili
1146 3369 1286 3442 genere
1302 3344 1387 3427 nati,
1405 3342 1600 3416 illustrium

347 3458 566 3534 familiarum
587 3461 738 3535 nomine
756 3462 958 3558 conspicui,
981 3488 1023 3535 ac
1037 3463 1228 3562 religionis
1247 3488 1375 3536 amore
1394 3463 1501 3536 unice
1514 3462 1601 3535 inci-

347 3578 425 3664 tati,
445 3578 527 3652 sine
556 3577 630 3653 ullo
652 3579 907 3654 emolumento
932 3581 969 3654 in
991 3581 1143 3655 Nostris
1162 3582 1280 3678 copiis
1299 3581 1457 3654 militare
1477 3580 1602 3653 volue-

347 3714 443 3771 runt.

397 3826 454 3928 (4)
469 3828 603 3903 “Nihil
617 3849 674 3905 est
693 3856 758 3903 cur
771 3831 1014 3906 immoremur
1033 3833 1069 3906 in
1090 3833 1292 3908 refellenda
1300 3833 1478 3930 feritatis
1496 3858 1602 3905 accu-

346 3946 492 4022 satione
510 3948 662 4022 Nostris
697 3949 813 4045 copiis
850 3949 1021 4047 improbe
1057 3950 1167 4037 illata,
1205 3978 1289 4024 cum
1317 3951 1455 4025 nullum
1492 3950 1603 4047 plane

346 4084 608 4165 argumentum
636 4052 912 4143 ¹obtrectatores
942 4068 1090 4143 valeant
1117 4070 1324 4158 adducere;
1352 4071 1442 4168 quin
1478 4070 1603 4166 potius

346 4187 560 4287 hujusmodi
579 4190 789 4264 criminatio
809 4191 846 4264 in
866 4192 966 4288 ipsos
980 4191 1066 4289 jure
1085 4193 1254 4266 converti
1274 4193 1403 4288 possit,
1424 4192 1602 4289 quemad-

347 4307 500 4379 modum
536 4306 699 4406 vulgatae
735 4308 932 4406 Subalpini
970 4310 1156 4384 exercitus
1200 4310 1336 4383 ducum
1384 4308 1603 4383 truculentae

347 4421 659 4521 proclamationes
679 4426 877 4501 manifeste
896 4427 1110 4501 ostendunt.

399 4555 454 4657 (5)
476 4568 497 4597 ‘⁸
512 4558 588 4633 Hic
606 4576 732 4635 autern
751 4561 1050 4635 animadvertere
1070 4580 1233 4659 praestat,
1258 4561 1401 4636 Nostro
1419 4563 1603 4662 gubernio

347 4675 501 4753 minime
525 4677 791 4777 suspicandum
812 4678 926 4756 luisse
942 4680 991 4756 de
1010 4678 1225 4781 hujusmodi
1245 4678 1369 4756 hostili
1397 4680 1602 4770 invasione,
