3496 5482
196 491 439 498 *ιμ-

650 554 771 604 CAPUT
786 546 988 605 ‘DECIMUlt
1378 553 1450 626 227

196 717 436 793 Providentia
455 717 632 791 Sanctam
653 717 792 791 Sedem
812 718 992 791 munitam
1014 717 1141 804 voluit,
1162 744 1350 816 quemque
1371 719 1406 792 N
1412 745 1450 793 o-

194 836 251 909 bis
270 835 491 909 confirmant
518 853 594 909 tum
621 834 778 931 legitimi
808 834 914 923 tituli,
936 853 1014 909 tum
1034 837 1207 911 undecim
1235 835 1450 934 etamplius

193 951 415 1028 saeculorum
430 953 631 1050 possessio.
651 951 669 979 ''
1360 951 1364 958 ’

245 1071 429 1146 Rationes
449 1070 688 1145 inconcussas
714 1071 821 1146 affert
848 1097 1017 1147 summus
1036 1072 1104 1146 hac
1124 1073 1160 1145 in
1181 1097 1220 1146 re
1238 1072 1371 1169 Judex,
1389 1073 1451 1147 Vi-

193 1190 312 1265 carius
332 1188 472 1264 Christi
491 1216 498 1262 :
515 1199 536 1228 ‘⁴
552 1188 668 1263 Plane
682 1190 781 1264 enim
794 1190 928 1287 cuique
948 1190 1146 1265 manifesto
1159 1208 1284 1286 pateat
1299 1216 1452 1265 necesse

193 1309 379 1407 estquod,
400 1309 463 1382 ubi
500 1308 693 1382 Romanus
727 1308 901 1383 Pontifex
931 1308 1083 1384 alterius
1115 1308 1296 1407 Principis
1319 1310 1452 1384 ditioni

193 1428 383 1524 subjectus
403 1426 509 1510 foret,
530 1451 652 1523 neque
675 1426 761 1522 lpse
781 1452 911 1501 revera
926 1426 1084 1524 amplius
1098 1427 1134 1500 in
1153 1426 1304 1524 politico
1322 1428 1453 1501 ordine

193 1571 366 1643 suprema
384 1562 571 1642 potestate
591 1544 768 1642 praeditus
780 1562 1021 1642 esset‚neque
1037 1562 1174 1641 posset,
1192 1545 1272 1620 sive
1288 1546 1453 1620 Persona

194 1665 274 1762 ejus
293 1664 373 1738 sive
387 1685 491 1738 actus
511 1661 720 1760 Apostolici
742 1662 933 1737 ministerii
949 1680 1175 1759 spectentur,
1194 1689 1278 1738 sese
1289 1663 1453 1740 eximere

193 1784 242 1857 ab
260 1784 412 1858 arbitrio
432 1783 535 1869 illius,
558 1785 615 1857 cui
635 1784 774 1870 subest,
796 1784 1022 1880 imperantis,
1044 1784 1107 1881 qui
1126 1784 1238 1858 etiam
1258 1783 1318 1859 vel
1338 1784 1453 1859 haere-

194 1903 297 1988 ticus,
319 1947 368 1958 -
386 1901 445 1976 vel
467 1901 648 1977 Ecclesiae
667 1919 885 1999 persecutor
908 1903 1070 1977 evadere
1097 1919 1235 1999 posset,
1256 1924 1387 1977 -aut
1417 1903 1454 1976 in

194 2021 292 2097 bello
311 2023 491 2097 adversus
510 2021 601 2096 alios
623 2022 814 2119 Principes
833 2019 892 2095 vel
913 2022 950 2094 in
971 2021 1057 2096 belli
1076 2039 1178 2097 statu
1198 2023 1350 2097 versari.

248 2150 270 2179 ‘⁴
290 2140 453 2224 Etsane‚
469 2141 549 2236 ipsa
560 2141 639 2213 haec
654 2141 845 2214 concessio
865 2141 1090 2214 Cautionum
1106 2166 1180 2214 non
1199 2166 1265 2237 per
1284 2167 1324 2215 se
1336 2142 1454 2238 ipsam

195 2258 486 2334 luculentissimo
505 2260 730 2334 documento
750 2276 817 2342 est.
842 2260 974 2354 Nobis,
996 2301 1046 2312 -
1064 2260 1198 2358 quibus
1210 2260 1298 2335 data
1323 2261 1456 2334 divini·

196 2396 255 2452 tus
274 2378 474 2452 auctoritas
493 2395 550 2452 est
568 2377 671 2476 leges
691 2376 832 2452 ferendi
854 2378 1025 2453 ordinem
1047 2378 1225 2455 moralem
1253 2397 1290 2454 et
1310 2379 1456 2478 religio·

196 2522 278 2570 sum
297 2514 519 2594 spectantes
541 2542 589 2552 -
611 2496 744 2582 Nobis,
765 2496 828 2594 qui
849 2496 1025 2570 naturalis
1039 2523 1081 2571 ac
1100 2499 1217 2571 divini
1231 2499 1325 2595 juris
1341 2499 1450 2572 iuter·

197 2632 321 2710 pretes
340 2615 376 2688 in
388 2632 468 2690 toto
481 2615 585 2690 Orbe
600 2615 789 2688 constituti
809 2640 946 2702 sumus,
964 2614 1131 2714 -leges
1145 2615 1295 2713 imponi,
1314 2639 1452 2713 easque

196 2730 415 2831 legesque
450 2733 497 2806 ad
527 2733 693 2830 regimen
727 2732 910 2806 universae
945 2731 1125 2807 Ecclesiae
1162 2735 1383 2821 reseruntur,
1415 2749 1453 2807 et

197 2876 352 2948 quarum
364 2852 659 2926 conservationis
671 2876 713 2924 ac
726 2852 986 2948 exequutionis
1000 2878 1073 2926 non
1086 2852 1184 2927 aliud
1194 2874 1251 2929 est
1257 2856 1452 2952 jus,quam

197 2970 298 3066 quod
312 2969 486 3044 voluntas
497 2968 672 3044 laicarum
687 2986 914 3067 potestatum
932 2972 1145 3067 praescribat
1159 2998 1201 3045 ac
1213 2990 1352 3047 statuat
1365 2970 1419 3071 (¹).
1434 2971 1452 2998 '‘

249 3087 362 3182 Quod
381 3087 412 3160 si
437 3101 615 3183 praeterea
635 3087 798 3183 optimos
822 3086 1081 3183 diplomaticos
1100 3072 1293 3165 consulere
1321 3088 1453 3186 placet,

200 3223 315 3279 testes
343 3224 451 3279 erunt
482 3224 519 3279 et
547 3204 760 3278 fatebuntur
782 3203 886 3302 leges
910 3206 1137 3281 Cautionum
1156 3233 1241 3282 esse
1261 3209 1452 3290 absurdas,

200 3321 310 3395 salsas
324 3341 437 3419 atque
456 3323 623 3397 inanes.“
641 3323 717 3396 Les
731 3321 800 3395 lois
815 3323 862 3397 de
878 3323 1077 3398 Garanties
1092 3326 1219 3399 cre'ent
1233 3350 1283 3398 un
1300 3326 1456 3399 absurde
1524 3416 1526 3418 q

194 3440 398 3537 jurz'a'ique.
420 3439 437 3465 ’⁹
473 3439 545 3538 (M.
568 3440 697 3535 Zorn).
729 3484 779 3495 -
810 3440 909 3513 “La
940 3440 1073 3516 liberte
1100 3443 1151 3516 du
1181 3444 1282 3539 Pape
1300 3462 1358 3517 est
1382 3441 1458 3516 ala

200 3559 312 3633 merci
328 3559 439 3632 d'une
452 3557 539 3631 voix
551 3557 599 3632 de
614 3558 787 3654 majorite
800 3582 847 3631 au
864 3558 1174 3634 Monte-Citorio.
1188 3560 1207 3588 ’'
1226 3559 1302 3659 (M.
1317 3561 1456 3657 Leroy·

203 3672 386 3774 Baulieu.)
398 3720 448 3731 -
464 3676 538 3748 Les
554 3674 753 3748 Garanties
768 3674 871 3747 n'ont
889 3676 1001 3771 qu'un
1020 3676 1108 3750 saux
1125 3678 1181 3750 air
1194 3677 1455 3750 d’immunites.

204 3792 292 3866 Une
311 3792 593 3889 inde'pendance
612 3791 877 3865 subordonnee
905 3792 927 3864 a
946 3817 1020 3866 une
1038 3793 1127 3867 voix
1145 3795 1194 3869 de
1212 3795 1383 3892 majorite
1402 3814 1458 3868 est

201 3937 273 3985 une
294 3912 547 4008 dependance.
570 3910 585 3937 ”
613 3909 686 4010 (M.
710 3907 895 4007 Ollivier).

252 4029 454 4125 Quomodo
481 4054 572 4127 ergo
595 4027 713 4102 solide
732 4045 769 4101 et
788 4027 987 4123 efficaciter
1010 4030 1200 4104 securitati
1229 4030 1459 4104 Societatum

202 4149 395 4249 invigilare
414 4169 550 4247 posset,
570 4150 632 4247 qui
662 4150 742 4244 ipse
761 4148 913 4222 minime
932 4174 1084 4223 securus
1118 4151 1153 4222 in
1182 4151 1364 4224 continuo
1386 4150 1459 4222 dis·

202 4270 356 4344 crimine
372 4287 540 4342 versatur
556 4293 601 4341 ne
616 4286 727 4341 sectae
746 4265 1033 4363 derelinquatur,
1050 4294 1134 4365 quae
1149 4270 1229 4366 ejus
1245 4269 1368 4354 ruinae,
1387 4269 1461 4341 imo

203 4402 240 4458 et
277 4387 385 4460 morti
424 4385 545 4482 palam
584 4384 733 4458 inhiat?
772 4384 833 4456 En
865 4385 980 4458 verba
1016 4385 1193 4482 coryphei
1232 4386 1378 4459 Lemmi
1415 4384 1461 4457 ad

209 4505 407 4577 Massones
431 4501 573 4600 prolata
591 4503 652 4576 die
677 4527 720 4575 ro
739 4501 824 4575 Oct.
846 4504 963 4591 1890:
984 4503 1025 4574 F.
1038 4526 1059 4576 ·.
1083 4504 1124 4576 F.
1138 4525 1158 4576 ·.
1181 4514 1200 4542 “
1216 4504 1465 4599 L’entreprise

246 4716 268 4756 1.
283 4701 350 4754 Pius
373 4702 423 4768 IX,
431 4700 537 4769 encycl.
556 4713 585 4768 15
601 4699 672 4752 Maii
688 4699 763 4764 1871.
