3496 5482
154 466 275 474 ...-

567 526 689 578 cavur
716 526 988 578 nuonncruuru.
1336 505 1405 596 285
1445 525 1446 529 ¹

151 694 288 791 populi,
309 711 566 791 quantumque
593 690 691 764 hunc
720 689 952 789 proclament
971 715 1076 763 suam
1095 715 1218 764 caram
1238 690 1406 778 sobolem
1490 715 1491 718 ’

150 810 251 886 omni
274 837 341 909 spe
360 811 508 909 plenam
529 807 583 909 (¹).
1279 890 1283 895 ,

203 930 321 1006 Recte
340 947 469 1003 auctor
491 927 642 1026 quidam
663 927 758 1002 hanc
777 927 977 1025 pessimam
1011 926 1273 1027 demagogiam
1294 927 1406 1001 filiam

150 1047 260 1146 hujus
289 1047 467 1123 maleficae
484 1063 597 1121 sectae
625 1046 864 1142 nuncupavit.
885 1045 1053 1143 Longius
1072 1063 1181 1131 esset,
1204 1044 1407 1120 fastidium·

149 1190 223 1263 que
241 1164 370 1240 lectori
389 1165 537 1240 afferret
555 1163 670 1238 citare
698 1162 913 1238 testimonia
932 1162 1201 1261 primipilorum
1232 1181 1354 1239 sectae.

204 1284 316 1358 Hanc
335 1283 603 1359 democratiam
622 1280 785 1356 salutant
798 1298 839 1355 ut
857 1280 1086 1378 triumphum
1106 1281 1279 1356 humanae
1298 1282 1409 1357 ratio·

151 1402 217 1492 nis,
251 1428 335 1501 quae
379 1427 497 1500 usque
526 1402 573 1475 ad
601 1419 898 1476 consummatam
935 1399 1190 1475 evolutionem
1215 1402 1294 1500 jam
1326 1425 1408 1498 per·

150 1519 263 1606 venit,
280 1519 342 1594 ubi
358 1520 517 1616 primum
531 1518 656 1617 populi
672 1545 694 1592 a
709 1516 825 1593 tutela
841 1517 1054 1616 Principum
1067 1536 1153 1618 sunt
1171 1519 1406 1616 emancipati.

154 1638 280 1736 Hujus
315 1662 440 1712 curam
484 1636 750 1711 commendant
786 1636 888 1712 hisce
928 1635 1217 1711 ferventioribus
1253 1636 1409 1712 verbis:

153 1765 173 1793 “
190 1755 346 1850 Quaerat
369 1756 453 1854 quis
483 1780 530 1829 an
550 1753 673 1852 proles
696 1780 782 1828 cara
810 1755 845 1829 in
865 1753 985 1828 lucem
1013 1779 1132 1852 nuper
1159 1755 1260 1830 edita
1291 1755 1409 1853 possit

150 1873 224 1970 jam
255 1892 414 1949 amatre
431 1899 500 1948 sua
527 1873 675 1971 sejungi
705 1891 817 1970 atque
845 1871 1012 1971 privari?
1045 1872 1175 1948 Eheu!
1203 1873 1272 1947 Vae
1304 1873 1406 1971 proli,

151 2017 235 2089 quae
256 2012 374 2067 matre
392 1992 546 2066 orbatur
565 1989 571 2064 !
592 1991 705 2086 Quod
736 1992 766 2064 si
797 1978 903 2066 tanto
935 1991 1115 2086 temporis
1145 1991 1267 2089 spatio
1282 1989 1409 2091 (unius

153 2109 278 2184 saeculi
308 2128 346 2185 et
364 2108 564 2209 dimidiati)
583 2134 680 2206 opus
706 2109 773 2182 fuit
792 2126 832 2184 ut
850 2109 930 2183 haec
957 2127 1138 2206 concepta
1171 2128 1410 2199 nasceretur;

155 2227 254 2303 haud
274 2228 429 2302 dubium
448 2245 517 2315 est,
546 2227 636 2327 quin
658 2226 764 2300 labor
785 2227 1007 2303 Massonum
1040 2253 1107 2324 per
1137 2226 1251 2328 longa
1287 2228 1410 2303 adhuc

153 2347 428 2444 protrahendus
467 2347 515 2422 sit
534 2344 680 2433 saecula,
701 2364 901 2445 antequam
933 2365 972 2421 et
1000 2349 1202 2447 progenies
1234 2347 1295 2423 illa
1314 2348 1434 2433 curis!

152 2489 265 2565 egere
283 2465 441 2552 desinat,
463 2465 618 2563 ipsaque
637 2482 739 2539 secta
770 2491 878 2540 suum
905 2490 1001 2563 opus
1030 2485 1330 2570 consummatum
1357 2466 1410 2540 vi·

83 2568 85 2573 ⁵
151 2584 250 2658 deat.
271 2583 288 2610 ''

204 2703 267 2778 Sic
282 2705 360 2802 jam
381 2704 563 2778 canticum
596 2703 761 2778 victoria:
792 2703 951 2779 efferunt
973 2704 1184 2790 Massones,
1200 2728 1246 2777 ne
1261 2704 1349 2778 dum
1363 2704 1411 2778 ab

150 2846 271 2919 opere
314 2823 463 2918 incepto
481 2821 674 2898 desistant.
692 2822 780 2916 Quo
799 2822 898 2897 enim
918 2823 1031 2896 modo
1050 2840 1160 2905 secta,
1182 2822 1218 2895 in
1237 2821 1411 2896 omnibus

152 2938 229 3014 sere
244 2939 433 3014 modernis
453 2940 651 3015 eventibus
671 2940 862 3014 incarnata
875 2940 981 3038 quasi
1001 2940 1183 3037 pervivax
1199 2939 1349 3026 existit;
1373 2958 1411 3016 et

152 3082 235 3131 eam
254 3083 276 3131 a
296 3058 437 3132 nefario
455 3083 571 3155 scopo
585 3058 849 3156 prosequendo
868 3059 1088 3132 destituram
1108 3058 1320 3154 putaresi...
1339 3057 1411 3130 Mi-

152 3175 252 3249 nime
282 3177 444 3273 quidem.
469 3177 557 3250 Una
592 3202 675 3250 cum
703 3176 933 3250 socialisticis
963 3176 1074 3250 sectis
1101 3175 1409 3274 quibuscumque,

152 3293 228 3366 imo
247 3294 283 3366 in
302 3293 367 3381 εἰς,
389 3294 517 3368 vivere
537 3320 578 3368 ac
598 3295 739 3391 spirare
773 3294 920 3368 videtur
945 3312 1162 3378 monstrum,
1184 3311 1225 3366 ut
1255 3293 1410 3369 societa-

153 3428 228 3485 tem
248 3410 414 3485 sunditus
445 3411 639 3490 subvertat
655 3441 662 3499 ;
682 3431 719 3486 et
734 3412 805 3486 hoc
820 3413 919 3487 idem
938 3437 1005 3510 per
1018 3410 1192 3511 gregales
1206 3408 1336 3508 plebis,
1352 3436 1411 3486 ac·

151 3526 311 3602 clamata
329 3527 422 3602 salsa
440 3528 621 3617 libertate,
632 3530 845 3627 aequalitate
859 3548 897 3604 et
912 3528 1143 3604 fraternitate
1153 3527 1290 3601 civium
1306 3526 1411 3601 fasci·

153 3665 261 3721 natos
292 3667 404 3744 atque
430 3648 602 3746 agitatos,
635 3649 848 3724 executioni
880 3649 1059 3723 mandare
1094 3646 1229 3721 studet
1265 3646 1333 3732 lta,
1371 3665 1411 3720 ut

152 3791 264 3840 ausus
283 3785 340 3841 est
352 3768 477 3842 dicere
496 3767 703 3867 Supremos
719 3770 940 3844 Moderator
955 3770 1079 3844 Sectae
1107 3767 1144 3840 in
1161 3764 1278 3852 Italia,
1295 3765 1410 3840 samo·

152 3910 216 3958 sus
231 3885 377 3959 Lemmi
393 3912 401 3958 ι
415 3897 434 3925 “
454 3905 667 3983 opponetur
686 3888 871 3963 terrestris
902 3888 1035 3962 civitas
1067 3884 1209 3961 civitati
1231 3882 1305 3959 Dei
1325 3881 1343 3911 ”
1361 3926 1412 3941 —

155 4012 176 4041 “
190 4021 338 4077 corruet
346 4004 568 4078 Vaticanum
587 4004 658 4079 sub
677 4006 811 4081 ictibus
825 4006 946 4081 mallei
958 4007 1180 4082 Massonum
1196 4001 1270 4058 ”-
1283 4011 1302 4042 ‘⁴
1313 4002 1411 4100 ejus·

152 4146 227 4217 que
241 4121 504 4221 dispergentur
519 4121 663 4220 lapides
675 4143 715 4199 ut
730 4125 911 4221 templum
924 4141 1053 4225 surgat
1068 4120 1412 4198 nationalitatis''—

155 4249 173 4274 “
193 4237 252 4315 vel
273 4240 386 4312 totius
405 4240 646 4315 humanitatis
659 4243 687 4316 ’'.
704 4288 753 4300 -
768 4255 787 4282 '⁴
802 4244 898 4318 Cum
913 4242 1156 4319 clericalismo
1169 4239 1412 4314 contraMas·

152 4381 264 4430 sones
283 4379 426 4432 certare
458 4379 701 4434 numerantur
718 4362 756 4434 hi
768 4387 900 4435 omnes
928 4362 991 4461 qui
1016 4359 1213 4459 pristinum
1232 4356 1409 4432 invocant

153 4498 275 4547 rerum
295 4478 464 4550 ordinem
483 4506 490 4564 ;
510 4479 734 4577 quicumque
751 4505 886 4577 nempe
899 4481 1082 4554 maximas
1100 4495 1214 4575 atque
1234 4473 1411 4550 inelucta·
1469 4565 1472 4571 ¹

192 4686 213 4726 1.
228 4671 360 4727 Frischer
372 4672 450 4744 apud
463 4674 530 4744 Gyr,
541 4691 567 4744 p.
585 4677 708 4746 113-116.
