3496 5482
248 458 316 466 κη..
808 460 947 466 .....-.-.-.
1090 450 1501 470 -..-...·.-...-..--.-

242 522 314 573 200
650 521 742 570 ΡΑΡΑ
769 521 829 569 SIT
857 521 931 569 REX
962 519 1087 570 ROMAE.

241 681 396 756 eosdem
421 681 616 766 excutitur,
643 677 768 779 legum
796 679 1005 754 reverentia
1025 679 1256 753 imminuitur
1274 705 1395 777 eoque
1419 704 1500 777 per-

241 802 389 876 venitur
406 820 446 878 ut
465 802 568 899 ipsae
586 800 714 875 civiles
731 800 931 874 societates
950 800 1059 873 bases
1078 800 1351 874 subvertantur.

293 931 314 961 “
336 920 476 994 Animo
495 937 645 1017 reputes
663 937 827 994 statuum
846 918 1080 993 diversorum
1099 917 1303 992 catholicos
1325 917 1501 1016 tranquil·

240 1039 345 1116 litate
365 1041 434 1114 frui
451 1066 531 1132 non
551 1066 663 1138 posse
686 1042 806 1115 donec
832 1039 1011 1114 Summus
1031 1036 1176 1112 illorum
1204 1038 1387 1124 Pontifex,
1413 1038 1501 1113 fidei

239 1159 456 1234 eorumdem
479 1159 673 1258 Magister,
694 1158 1082 1254 conscientiarumque
1096 1157 1260 1254 ipsorum
1276 1158 1499 1240 moderator,

240 1304 329 1353 vera
352 1278 597 1376 absolutaque
614 1278 777 1377 gaudeat
796 1276 966 1352 libertate
985 1275 1042 1376 (¹).
1062 1276 1080 1304 ’⁹

296 1395 400 1490 Quot
418 1394 591 1494 exempla
609 1412 647 1470 et
665 1394 841 1468 scandala
859 1393 1006 1491 publica
1025 1395 1062 1468 in
1079 1394 1350 1480 vexationibus,
1366 1393 1502 1491 quibus
1590 1423 1593 1429 ·

246 1512 418 1609 Pontifex
439 1513 505 1587 fuit
533 1513 692 1586 afflictus
710 1531 748 1587 et
762 1502 879 1609 quaea
894 1512 1031 1586 nostris
1045 1511 1288 1587 societatibus
1307 1512 1501 1609 patienter,
1565 1580 1569 1588 ,

244 1631 318 1703 imo
337 1647 375 1704 et
390 1657 411 1704 a
426 1630 611 1705 nonnullis
627 1630 757 1704 intimo
773 1649 810 1704 et
830 1647 974 1704 secreto
992 1629 1142 1728 gaudi0,
1164 1629 1320 1705 tolerata
1339 1630 1502 1704 fuerunt!

245 1751 353 1826 Patet
384 1777 431 1826 ex
461 1752 515 1834 iis,
539 1751 602 1849 qul
635 1752 766 1824 Romae
788 1768 1028 1824 occurrerunt
1055 1771 1213 1824 eventus
1246 1750 1283 1824 in
1312 1749 1503 1846 obsequiis

245 1872 302 1944 Pii
323 1897 429 1970 papae
453 1873 526 1958 IX;
544 1889 648 1969 patet
666 1897 712 1946 ex
734 1870 950 1970 irreligiosis
968 1889 1005 1944 et
1025 1867 1266 1944 infernalibus
1297 1856 1502 1944 bacchana-

242 1986 340 2063 libus
375 2017 468 2088 quae,
507 1991 703 2065 occasione
734 1990 932 2065 erectionis
967 2006 1100 2064 statuae
1130 1988 1323 2063 Giordano
1363 1989 1500 2075 Brun0,

242 2111 447 2186 occurrisse
466 2111 644 2200 diximus;
664 2129 766 2208 patet
781 2111 892 2185 etiam
912 2137 960 2186 ex
977 2108 1247 2210 glorificatione
1265 2107 1502 2207 famigerato-

130 2318 135 2326 .
244 2253 323 2301 rum
345 2229 537 2304 hominum
556 2247 727 2303 extremo
745 2228 927 2327 supplicio
946 2228 1173 2310 affectorum,
1194 2226 1281 2324 quia
1299 2225 1362 2300 vili
1382 2225 1503 2324 pretio

163 2352 167 2360 '
243 2347 377 2446 viginti
397 2349 605 2422 francorum
639 2347 770 2434 allecti,
792 2346 988 2422 militarem
1009 2345 1203 2421 Serristori
1223 2344 1422 2420 stationem
1441 2370 1502 2418 cu-

242 2465 365 2540 niculo
403 2459 639 2551 subruerunt,
671 2484 815 2564 septem
852 2484 889 2541 et
926 2464 1058 2563 viginti
1094 2463 1308 2537 hominibus
1345 2480 1501 2538 mortem

245 2586 447 2662 inferentes
467 2584 520 2686 (²).

297 2704 565 2801 Operariorum
583 2704 635 2777 sic
655 2701 896 2778 veneratione
916 2702 952 2775 in
973 2700 1190 2800 religionem
1209 2718 1246 2775 et
1265 2699 1339 2773 fide
1359 2699 1503 2773 interna

243 2820 409 2909 sublatis,
431 2823 467 2896 in
487 2820 754 2896 incredulitatis
774 2820 989 2894 barathrum
1008 2836 1144 2916 sponte
1162 2835 1342 2917 proruunt
1364 2816 1500 2913 populi,
1526 2847 1527 2851 ¹

245 2941 456 3038 praecipites
474 2940 614 3015 obeunt
633 2940 670 3012 in
691 2937 993 3012 materialismum
1013 2963 1177 3010 crassum
1198 2954 1236 3012 et
1257 2937 1502 3033 submergun-

245 3076 304 3131 tur
322 3084 389 3154 per
406 3084 546 3133 coecam
566 3058 858 3133 satisfactionem
885 3057 1116 3154 appetituum
1143 3074 1180 3130 et
1199 3055 1414 3154 passionum
1442 3053 1502 3128 vel

246 3178 407 3252 maxime
437 3176 661 3251 animalium.
690 3175 790 3270 Quid
825 3175 956 3248 mirum
990 3200 1081 3273 ergo
1105 3175 1134 3247 si
1166 3173 1271 3271 plebs
1304 3172 1503 3270 religiones

245 3321 376 3375 omnes
405 3313 445 3370 ut
470 3295 648 3394 figmenta
668 3295 821 3370 rationis
840 3294 986 3380 habeat,
1008 3296 1038 3368 si
1059 3294 1343 3369 matrimonialia
1362 3286 1504 3370 foedera

245 3439 313 3510 pro
327 3414 446 3489 lubitu
464 3414 721 3510 abrumpenda
742 3413 800 3488 vel
819 3413 1004 3509 abolenda
1018 3414 1188 3500 aestimet,
1203 3415 1234 3487 si
1249 3413 1369 3488 aliena
1384 3415 1503 3512 rapiat

246 3532 457 3631 furtumque
477 3532 613 3608 sociale
632 3531 740 3607 titulo
759 3531 868 3631 legali
897 3530 1153 3607 collectivismi
1184 3548 1222 3606 et
1242 3532 1502 3606 communismi

244 3652 499 3727 condecoret?

298 3771 438 3844 Nonne
461 3788 498 3845 et
524 3770 656 3845 iterum
689 3770 725 3843 in
755 3768 977 3866 spoliatione
1009 3752 1236 3842 Dominii'S.
1259 3768 1370 3843 Sedis
1389 3768 1502 3843 viola-

245 3888 383 3963 tionem
397 3889 562 3962 0mnium
582 3907 619 3963 et
638 3890 928 3964 certissimorum
944 3888 1181 3986 proprietatis
1200 3904 1238 3961 et
1257 3870 1502 3986 legitimitatis
1609 3966 1611 3969 ,

239 4006 379 4102 jurium
395 4004 539 4103 publice
553 4007 704 4082 nomine
715 4008 833 4105 plebis
850 4025 1036 4105 peractam
1057 4023 1094 4081 et
1112 3989 1367 4080 consecratam
1388 4007 1503 4082 vidit?

293 4137 329 4196 4.
352 4125 442 4198 Non
464 4124 583 4221 potuit
602 4122 750 4220 spoliari
773 4125 992 4198 Dominium
1011 4122 1214 4220 temporale
1230 4124 1268 4198 S.
1286 4123 1397 4198 Sedis
1411 4124 1501 4221 quin
1612 4141 1615 4145 ’

241 4242 374 4317 eodem
391 4243 464 4317 ictu
479 4267 692 4339 supremum
708 4241 842 4317 vulnus
857 4243 1025 4317 societati
1042 4241 1281 4340 infligeretur,
1303 4243 1359 4316 cui
1379 4240 1500 4316 solum

240 4362 380 4436 mederi
408 4378 465 4434 est
484 4387 550 4458 per
569 4362 841 4436 restitutionem
861 4361 1082 4437 violatarum
1095 4363 1363 4460 proprietatum
1386 4370 1500 4462 atque

610 4526 701 4534 .-,--
710 4520 879 4532 -..-.,.ι-..-..
892 4528 933 4532 -
944 4527 950 4531 .
961 4526 1089 4532 -.---.-
1098 4527 1151 4531 ......-
1184 4528 1214 4532 ,-
1228 4528 1255 4532 ....
1266 4527 1316 4533 -.-
1327 4527 1501 4536 ——q

280 4607 301 4647 t.
323 4594 411 4660 Epist.
427 4608 459 4658 27
474 4595 545 4664 Aug.
563 4595 637 4661 1878.

277 4687 300 4727 2.
321 4674 474 4742 Antonelli‚
489 4689 520 4744 ²5
536 4676 610 4730 Nov.
628 4676 694 4742 1870
761 4697 765 4703 .
