3496 5482
341 484 426 491 ..ι-οη...
439 483 456 491 ο
468 485 482 491 ..
520 484 643 491 w-
680 483 874 490 ...---—.-.-‚-
875 482 978 486 -----
981 481 1059 486 ..-—-
1094 480 1490 491 -.-——-——-——-———-

246 530 317 618 236
650 545 743 595 unm
771 543 830 594 sm
858 542 933 591 nex
961 542 1089 592 noum.

244 705 398 780 incivili
427 705 639 802 Principatu
663 729 736 780 non
754 703 920 776 humana
939 704 1121 801 quaedam
1142 727 1210 787 res.
1242 702 1317 776 sed
1344 701 1496 775 libertas

242 824 400 898 vertitur
426 823 631 900 officiorum
666 820 954 919 apostolicorum
991 840 1029 897 et
1065 822 1209 906 iurium‚
1223 846 1320 917 quae
1345 819 1498 893 libertas

239 942 383 1017 alienae
397 942 561 1017 obnoxia
579 966 662 1016 esse
681 941 860 1039 potestati
878 941 1106 1038 arbitrioque
1125 965 1198 1013 non
1211 939 1388 1017 debet-
1410 938 1499 1012 Hoc

241 1061 378 1135 iudicio
408 1060 605 1160 dirigenda
623 1059 750 1157 opinio
769 1077 849 1134 est:
869 1059 939 1133 hoc
972 1060 1071 1133 idem
1092 1067 1262 1133 accurate
1292 1056 1426 1131 animis
1445 1056 1498 1129 in·

241 1177 470 1266 cubandum,
492 1178 710 1277 praesertim
743 1204 825 1251 cum
845 1178 943 1275 apud
965 1176 1100 1252 multos
1116 1175 1328 1252 liberiorum
1350 1193 1498 1250 senten·
1539 1268 1541 1271 Ι

242 1298 375 1372 tiarum
398 1297 480 1397 plus
499 1323 621 1395 aequo
634 1298 793 1371 creverit
809 1297 924 1372 lavor.
937 1294 955 1323 ‘⁹

296 1417 402 1516 Ergo
416 1417 623 1517 judicatum
651 1433 710 1492 est
728 1433 841 1512 atque
867 1433 1017 1490 manet:
1035 1414 1205 1491 catholici
1224 1415 1261 1488 in
1292 1412 1399 1488 Italia
1430 1437 1499 1498 nec

244 1534 425 1611 electores
439 1562 508 1611 nec
526 1533 634 1610 electi
654 1552 777 1609 sunto.

296 1654 413 1728 Sicuti
433 1656 617 1754 genuinos
644 1654 753 1727 decet
779 1652 958 1728 Ecclesiae
986 1653 1092 1742 filios,
1125 1680 1261 1729 caecam
1281 1668 1500 1750 praestamus

244 1773 498 1848 obedientiam
517 1773 691 1848 omnibus
712 1772 851 1848 Christi
867 1773 1003 1847 Vicarii
1016 1774 1200 1848 mandatis
1216 1802 1229 1873 ;Δ
1241 1788 1406 1846 attamen
1420 1769 1500 1843 haec
1533 1809 1537 1815 ·
1575 1838 1577 1842 ,

245 1892 460 1968 obedientia
478 1918 575 1966 caeca
589 1909 627 1966 et
638 1890 810 1967 absoluta
824 1917 899 1966 non
919 1891 1074 1989 impedit
1087 1893 1176 1990 quin
1191 1890 1380 1966 humiliter
1391 1889 1501 1965 ratio·

248 2035 313 2084 nes
334 2011 482 2085 intimas
501 2029 691 2085 etlcausas
718 2009 872 2108 alicujus
901 2011 1064 2085 mandati
1085 2009 1292 2109 intelligere
1311 2031 1499 2093 conemur,

249 2154 322 2202 non
346 2130 438 2205 Ialso
456 2131 587 2229 spiritu
612 2130 740 2204 critico
758 2130 912 2215 seducti,
933 2130 999 2205 sed
1019 2131 1065 2203 ad
1085 2129 1174 2203 illud
1192 2129 1499 2214 confirmandum,

247 2264 369 2345 atque,
391 2248 422 2322 si
441 2275 536 2347 opus
554 2265 622 2336 est,
642 2266 772 2322 contra
789 2273 856 2323 eos
885 2249 950 2345 qui
980 2248 1068 2323 loris
1092 2267 1189 2334 sunt,
1210 2247 1501 2325 defendendum.

300 2369 556 2464 Quamobrem
584 2393 675 2467 ergo
697 2367 784 2442 Pius
824 2367 881 2440 IX
917 2384 954 2441 et
982 2369 1062 2442 Leo
1089 2368 1193 2441 XIII
1231 2349 1503 2442 mandaverunt
1591 2435 1593 2438 ,

252 2484 373 2562 “·ηοηΔ
381 2487 579 2591 expedrre’‘
599 2505 639 2561 ut
657 2485 876 2561 catholici
847 2511 928 2562 srve
942 2485 1171 2562 electores
1141 2512 1222 2561 srve
1240 2504 1283 2561 ut
1299 2484 1405 2561 electi
1421 2512 1504 2583 pro·

49 2600 54 2609 ’
136 2648 140 2656 ·
251 2606 403 2681 deant
394 2634 430 2681 rn
467 2607 627 2681 comitiis
655 2604 893 2705 generalibus
932 2587 1184 2704 pseudoregni
1225 2605 1375 2680 Italiae?
1396 2607 1504 2681 Patet

252 2725 370 2799 ratio:
390 2725 468 2800 haec
488 2725 722 2822 participatio
741 2724 879 2798 inutilis
899 2725 994 2799 soret
1023 2741 1136 2821 atque
1156 2724 1299 2799 nociva.

307 2844 451 2919 Inutilis
463 2845 550 2943 quia
565 2844 601 2918 in
614 2842 722 2918 Italia
735 2842 894 2941 catalogi
911 2841 1113 2917 electorum
1127 2842 1246 2916 vitiati
1259 2859 1346 2918 sunt
1360 2859 1397 2918 et
1410 2841 1502 2929 falsi,

253 2961 289 3034 in
305 2961 470 3038 favorem
490 2962 661 3062 gubernii
676 2961 871 3047 conlecti,
863 2978 912 3034 rta
924 2978 964 3035 ut
976 2961 1146 3035 catholici
1168 2987 1241 3035 non
1254 2979 1408 3059 possent
1423 2986 1507 3036 esse

80 3173 82 3176 y
141 3176 145 3181 ἡ
255 3080 324 3153 nisi
345 3081 381 3155 in
400 3081 532 3155 minori
551 3080 825 3166 numer03imo
844 3080 924 3153 haec
943 3079 1135 3154 minoritas
1155 3080 1306 3154 inermis
1342 3099 1442 3155 esset
1469 3095 1507 3154 et

254 3199 335 3275 sine
354 3197 426 3273 ulla
445 3200 591 3273 actione
622 3198 763 3274 efficaci
794 3199 830 3271 in
856 3199 1101 3290 reformandis
1132 3198 1401 3296 quaestionibus
1430 3198 1508 3298 agi·

255 3317 352 3392 tatis.
375 3362 424 3375 ·-
447 3318 597 3392 Infinito
616 3317 698 3415 plus
711 3316 811 3391 valet
830 3316 1046 3391 omnimoda
1065 3317 1251 3392 abstentio
1263 3343 1377 3415 quum
1397 3318 1508 3404 enim,

257 3428 373 3535 (quod
409 3453 446 3511 et
482 3436 609 3511 hostes
648 3435 829 3510 Ecclesiae
860 3436 1028 3533 apprime
1059 3434 1309 3536 intelligunt;)
1341 3436 1509 3511 debilitat

256 3572 293 3629 et
305 3556 455 3630 contiuo
474 3555 650 3628 dissociat
671 3555 870 3629 factionem
889 3553 1060 3652 gubernii
1081 3553 1136 3654 (¹).
1543 3569 1547 3576 '

310 3674 406 3747 Haec
424 3674 486 3747 ubi
518 3673 638 3747 divisa
657 3675 892 3770 asemetipsa
911 3673 1006 3746 sicut
1026 3698 1122 3746 nunc
1152 3672 1289 3758 existit,
1305 3674 1383 3772 jam
1401 3673 1510 3748 nimis

142 3860 146 3865 ,
257 3808 462 3889 potensest
482 3791 519 3863 in
539 3791 793 3889 impugnanda
814 3790 985 3865 Ecclesia
1003 3818 1010 3873 ;
1025 3791 1125 3888 quid,
1146 3792 1176 3864 si
1196 3810 1390 3889 compacte
1408 3793 1512 3866 unita

257 3910 435 4007 impetum
457 3909 594 3984 Iaceret
613 3909 648 3981 in
668 3934 750 3982 eam
770 3908 784 3981 ?

311 4029 363 4103 Et
381 4029 453 4102 alio
472 4046 580 4125 pacto
596 4027 726 4101 nociva
745 4027 840 4102 soret
856 4028 1054 4125 praesentia
1072 4027 1336 4102 catholicorum
1357 4029 1392 4102 in
1412 4048 1511 4103 coetu

258 4145 468 4245 legislativo
494 4145 619 4221 Italiae.
657 4147 820 4232 Etenim,
856 4172 1028 4244 quaenam
1056 4165 1155 4220 esset
1187 4172 1316 4220 eorum
1348 4148 1512 4221 conditio

297 4323 317 4361 1.
335 4308 378 4361 Ita
393 4307 498 4377 Populo
513 4307 657 4359 Romano:
671 4305 917 4360 “L’intervention
939 4306 989 4359 des
1010 4305 1147 4359 eldricaux
1169 4323 1222 4359 aux
1245 4323 1328 4360 urnes
1349 4305 1405 4359 loin
1426 4306 1514 4360 d'etre

259 4404 294 4440 un
309 4387 417 4455 danger
430 4403 500 4454 pour
514 4403 564 4439 nos
584 4385 758 4439 institutions
772 4403 807 4440 en
818 4385 903 4440 serait
917 4385 944 4438 la
958 4384 1165 4438 consolidation
1180 4403 1230 4454 par
1240 4386 1265 4438 le
1279 4386 1414 4440 salutaire
1427 4385 1512 4440 reveil

258 4468 323 4537 qu¹il
337 4465 534 4536 provoquerait
548 4465 771 4520 inlailliblement
786 4466 852 4519 chez
865 4466 906 4520 les
921 4465 1054 4518 liberaux.
1070 4464 1224 4519 L’absence
1236 4465 1301 4518 d’un
1316 4464 1387 4534 parti
1401 4465 1512 4519 decide-

258 4555 336 4600 ment
346 4556 547 4600 conservateur
559 4543 650 4599 acret
664 4545 736 4599 dans
750 4563 802 4601 nos
816 4546 929 4615 regions
944 4544 1174 4615 parlementaires
1194 4554 1268 4599 cette
1286 4544 1434 4599 confusion
1457 4561 1512 4615 que

259 4636 322 4680 tous
336 4643 408 4680 nous
428 4625 580 4695 deplorons
594 4633 621 4678 et
633 4641 649 4678 a
662 4625 775 4695 produit
789 4626 839 4680 des
859 4624 996 4679 divisions
1018 4623 1135 4678 sactices
1149 4625 1196 4694 qui
1210 4641 1245 4678 ne
1259 4624 1417 4695 rependent
1431 4625 1511 4695 pasa

260 4707 288 4767 la
302 4705 398 4764 realite
411 4706 463 4765 des
472 4704 608 4767 chosesf’
624 4703 670 4772 (de
692 4705 866 4777 T'Serclaes,
890 4707 927 4777 11,
942 4705 1044 4775 p.199.)
