3496 5482
647 518 742 570 PAPA
769 518 828 570 SIT
857 517 931 568 REX
962 516 1090 568 ROMAE.

926 623 1043 629 ..-
1123 623 1149 628 -..
1170 621 1501 634 ..a-*mh

240 671 432 767 coelorum,
452 699 490 755 et
502 705 570 777 per
582 680 641 754 Te
656 680 806 753 Vicario
822 697 896 764 tuo,
911 681 1052 751 domno
1070 679 1217 774 joanni,
1238 701 1385 753 summo
1407 678 1503 752 Pon·

242 797 330 874 tifici
349 815 388 875 et
407 796 605 877 universali
625 796 707 872 XII
742 796 864 893 Papae,
885 795 1076 873 civitatem
1099 795 1310 870 Romanam
1335 819 1419 869 cum
1437 794 1503 868 du·

241 933 327 993 catu
345 941 414 995 suo
431 934 470 993 et
487 915 686 1001 suburbiis,
707 931 778 989 etc.
799 911 856 1014 (¹).
876 913 894 941 ’'

292 1037 479 1135 Jamvero,
510 1049 551 1109 ut
583 1034 681 1109 idem
703 1031 783 1106 Leo
813 1030 918 1105 XIII
950 1030 1040 1106 dicit
1070 1030 1108 1104 in
1129 1030 1331 1129 Encyclica
1347 1056 1416 1107 sua
1443 1031 1506 1106 De

240 1153 443 1231 conditione
452 1151 624 1253 opt‘jicum
638 1178 652 1224 .·
672 1159 692 1190 ‘⁴
715 1151 776 1225 De
794 1149 1036 1225 societatibus
1064 1149 1316 1226 dilabentibus
1343 1148 1434 1225 illud
1449 1175 1503 1224 re·

241 1272 407 1349 ctissime
425 1270 659 1370 praecipitur,
691 1267 859 1344 revocari
883 1267 931 1342 ad
960 1268 1127 1368 origines
1146 1293 1234 1343 suas
1255 1293 1340 1344 cum
1360 1266 1503 1343 restitui

242 1389 383 1479 volunt,
404 1406 590 1487 oportere.
609 1388 718 1462 Haec
739 1386 840 1461 enim
859 1386 1026 1462 omnium
1046 1386 1365 1462 consociationum
1384 1385 1504 1483 perse·

240 1507 316 1585 ctio
334 1523 402 1595 est,
421 1506 470 1583 de
491 1531 538 1580 eo
563 1503 733 1579 laborare
745 1503 858 1601 idque
874 1505 1034 1602 assequi,
1055 1504 1160 1579 cuius
1171 1504 1292 1605 gratia
1311 1504 1504 1581 institutae

241 1644 339 1702 sunt.
361 1623 619 1722 Quamobrem
648 1619 837 1697 declinare
864 1622 912 1697 ab
932 1622 1113 1708 instituto,
1144 1623 1334 1720 corruptio
1355 1641 1413 1700 est
1430 1651 1439 1713 ;
1455 1624 1503 1698 ad

242 1742 452 1823 institutum
472 1741 603 1828 redire,
623 1739 768 1814 sanatio
787 1735 842 1838 (²).
862 1737 880 1766 ”

294 1859 390 1958 QuIs
408 1885 511 1961 ergo,
540 1857 816 1943 concludemus,
837 1883 879 1932 se
897 1857 1177 1933 immutaturum
1210 1883 1294 1934 esse
1313 1859 1503 1935 existimat

244 1980 428 2057 Ordinem
462 1974 776 2054 Providentialem
798 1974 834 2048 iu
864 1974 1001 2049 divinis
1019 1974 1182 2051 consiliis
1210 1996 1434 2075 conceptum
1462 1995 1502 2052 ut

242 2097 494 2175 conditionem
509 2094 674 2170 divinam
690 2092 879 2168 Pontificis
897 2093 1056 2168 Romani
1075 2119 1118 2167 ac
1135 2093 1316 2171 Ecclesiae
1341 2096 1503 2172 emedio

246 2215 380 2293 tollat?

293 2334 390 2434 Quis
409 2332 549 2431 estqui
568 2356 610 2407 se
628 2330 877 2406 consiliarium
913 2330 986 2405 Dei
1002 2330 1112 2416 dicat,
1134 2348 1173 2405 ut
1206 2349 1325 2406 mutet
1342 2356 1398 2419 ea,
1419 2355 1503 2430 quae

247 2454 328 2552 ipse
344 2452 598 2550 Omnipotens
619 2448 799 2524 divinitus
817 2448 1092 2536 determinavit,
1112 2473 1179 2522 nec
1210 2448 1318 2523 simul
1338 2449 1504 2525 sunditus

245 2573 465 2649 societatem
477 2586 623 2647 evertat
641 2567 764 2664 iQuis
777 2586 834 2642 est
848 2593 895 2642 ex
908 2567 1060 2642 asseclis
1078 2585 1275 2655 sectarum,
1291 2567 1355 2666 qui
1370 2593 1501 2643 saxum
1598 2601 1602 2609 ·

243 2689 408 2766 medium
438 2688 584 2763 aedificii
615 2686 763 2762 socialis
794 2685 1014 2762 subtrahere
1041 2685 1225 2785 glorietur
1242 2705 1280 2761 et
1309 2686 1500 2784 impedire,

242 2808 443 2908 quominus
475 2825 594 2882 totum
620 2824 767 2881 corruat
787 2804 995 2892 aedificium,
1028 2822 1246 2902 restentque
1274 2802 1364 2878 solae
1388 2804 1503 2878 ruinae

243 2925 374 3000 suturis
406 2925 679 3022 spectatoribus
711 2925 746 2997 in
778 2924 926 3022 signum
946 2924 1111 2998 audaciae
1140 2941 1178 2999 et
1214 2924 1377 3009 insaniae,
1408 2923 1502 2997 sicut

244 3044 447 3119 hodiedum
459 3061 608 3119 exstant
621 3043 784 3141 reliquiae
795 3041 1007 3140 Babylonis,
1022 3042 1173 3116 Ninivae
1188 3060 1225 3117 et
1233 3041 1395 3141 AEgypti
1410 3066 1499 3141 gen·

244 3162 366 3236 tium?
386 3161 482 3258 Quis
500 3163 562 3259 qui
582 3164 751 3237 cardines
781 3160 917 3236 avellat
936 3181 974 3236 et
992 3161 1192 3259 prohibere
1222 3162 1341 3258 possit
1359 3160 1503 3258 quomi-

245 3306 314 3355 nus
333 3280 421 3355 novi
450 3279 596 3355 barbari
624 3280 808 3356 aedificum
840 3279 976 3354 sociale
995 3280 1174 3355 invadant
1203 3295 1411 3377 cunctaque
1428 3278 1502 3352 ·de·

247 3396 423 3473 struant?

296 3515 410 3612 Quod
429 3515 459 3590 si
492 3539 583 3590 vero
615 3515 738 3590 audax
758 3514 841 3589 talis
873 3534 997 3590 exstat
1016 3515 1148 3602 nullus,
1179 3515 1282 3613 quod
1309 3514 1340 3589 si
1370 3538 1502 3589 omnes

243 3634 462 3709 societatem
492 3634 716 3710 incolumem
748 3660 898 3708 servare
930 3653 1116 3735 satagunt,
1148 3636 1237 3733 quid
1257 3652 1315 3709 est
1343 3659 1409 3708 cur
1427 3658 1501 3707 non

244 3777 398 3826 necesse
417 3750 618 3827 fateremur
637 3771 676 3827 ut
691 3771 960 3827 restauraretur
979 3753 1114 3852 regalis
1130 3771 1297 3850 potestas
1316 3752 1422 3839 illius,
1439 3751 1502 3849 qui

244 3869 312 3943 luit
333 3869 443 3944 Pater
474 3895 604 3969 regum
622 3889 661 3945 et
695 3871 833 3944 Rector
851 3896 1050 3967 supremus
1078 3871 1310 3958 societatum,
1332 3896 1447 3968 aquo
1466 3873 1502 3946 in

243 3988 375 4062 ordine
398 3990 593 4084 praesentis
624 3989 875 4064 Providentiae
898 3991 1037 4088 pendet
1071 3989 1267 4088 tranquilla
1285 3988 1395 4074 salus,
1417 4013 1502 4063 con·

243 4106 418 4192 servati0,
439 4125 477 4181 et
496 4125 618 4181 rectus
638 4132 860 4206 progressus
891 4109 1122 4195 societatum,
1143 4126 1257 4206 atque
1287 4123 1504 4181 constanter

243 4223 452 4323 pendebit?
475 4225 538 4299 Sic
552 4224 661 4322 juvat
685 4224 818 4299 iterum
848 4225 986 4301 referre
1006 4226 1120 4300 verba
1142 4226 1358 4301 Pontificis:
1381 4236 1399 4263 “
1423 4225 1502 4299 Ha·

282 4454 302 4492 1.
323 4439 476 4507 Pallottini,
489 4441 506 4494 l.
520 4457 554 4508 c.,
566 4439 657 4508 65-69.
671 4440 775 4495 Merito
795 4458 907 4511 quoque
920 4441 1054 4496 Gosselin
1068 4440 1211 4495 concludit
1224 4441 1417 4510 Prinpratum
1438 4439 1503 4495 civi·

242 4519 299 4573 lem
309 4519 477 4574 Pontificum
492 4537 555 4574 esse
570 4532 584 4575 t
599 4538 636 4573 un
650 4520 715 4574 effet
730 4521 848 4590 marque'
862 4522 898 4575 de
916 4523 943 4576 Ia
958 4523 1134 4577 Providence
1148 4522 1184 4576 de
1199 4522 1273 4575 Dieu
1287 4538 1335 4575 sur
1348 4506 1464 4590 I’Eglise
1479 4532 1503 4575 ).

243 4597 555 4749 (Ρζιιτὲἕξνιιέξῗιξζριε,
571 4600 593 4668 1,
607 4601 689 4670 chap.
706 4600 746 4668 11,
759 4616 785 4655 a.
797 4615 821 4669 2,
836 4597 851 4670 5
865 4615 889 4668 3,
903 4608 934 4654 n⁰
943 4601 998 4671 97.)
