3496 5482
539 594 669 646 CAPUT
696 594 875 646 DECIMUM
903 594 1088 646 TERTIUM.
1375 592 1447 668 307

248 765 268 793 “
286 754 470 831 Districta
489 757 682 832 minaciter
706 784 809 830 arma
827 758 873 830 ad
896 758 1049 831 alendas
1068 779 1164 846 sunt,
1185 787 1296 857 quam
1315 762 1362 835 ad
1382 761 1449 837 tol·

194 872 323 947 lendas
343 872 550 948 simultates
573 892 611 949 et
639 875 871 972 suspiciones
886 875 1052 973 aptiora:
1082 877 1287 974 percellunt
1305 879 1449 954 animos

190 989 350 1065 sollicita
368 994 629 1091 expectatione
649 1019 770 1067 rerum
791 992 1006 1079 suturarum,
1027 1011 1139 1092 atque
1172 994 1258 1069 illud
1282 997 1448 1071 nomina·

188 1109 253 1192 tim
274 1110 423 1207 pariunt
441 1111 665 1186 incommodi
682 1131 720 1185 ut
739 1112 775 1185 in
791 1111 997 1185 cervicibus
1021 1112 1242 1210 populorum
1256 1115 1448 1212 imponan-

187 1217 245 1301 tur
259 1253 383 1314 onera,
406 1229 586 1304 incertum
605 1255 718 1327 saepe
737 1248 859 1304 utrum
879 1229 1127 1305 tolerabiliora
1142 1230 1240 1307 bello
1260 1231 1314 1332 (¹)
1329 1232 1345 1260 ’¹

240 1350 299 1422 En
319 1349 496 1449 graphice
514 1351 700 1449 descripta
724 1351 937 1426 discrimina
956 1370 993 1426 et
1011 1377 1126 1426 onera
1150 1351 1251 1448 pacis
1282 1368 1445 1425 armatae.

238 1467 350 1562 Quod
370 1467 470 1551 solus
493 1470 593 1566 Papa
612 1470 660 1544 sit
671 1487 708 1543 et
721 1495 804 1544 esse
823 1471 940 1567 possit
953 1470 1091 1544 arbiter
1104 1488 1212 1543 natus
1227 1469 1323 1544 inter
1344 1468 1446 1542 Prin·

186 1585 287 1681 cipes
302 1585 522 1660 christianos
539 1588 602 1661 vix
617 1607 654 1661 et
670 1613 717 1661 ne
733 1587 795 1660 vix
811 1587 961 1685 quidem
975 1613 1069 1684 opus
1084 1605 1142 1662 est
1163 1604 1201 1660 ut
1220 1585 1443 1660 insistamus.

240 1704 397 1800 Propter
414 1703 666 1780 characterem
687 1732 793 1779 suum
813 1707 976 1803 supremi
991 1705 1188 1780 sacerdotii
1201 1705 1271 1778 erit
1283 1704 1446 1778 sanctior

187 1838 224 1895 et
238 1821 384 1919 justitia
401 1840 515 1920 atque
544 1822 821 1920 impartialitate
849 1823 968 1921 magis
996 1823 1176 1921 praeditus
1199 1848 1311 1920 quarn
1331 1823 1445 1896 ceteri

186 1941 312 2015 arbitri
330 1943 538 2040 generatim
567 1942 732 2038 sumpti;
762 1943 919 2039 ejusque
943 1942 1153 2016 decisiones
1182 1941 1295 2014 etiam
1326 1939 1446 2038 magis

186 2060 406 2135 charitatem
425 2062 572 2159 sapient
590 2062 972 2159 acceptabilioresque
991 2060 1165 2135 existent.

240 2178 397 2275 Propter
424 2179 632 2267 celibatum,
652 2181 776 2256 dicere
811 2206 894 2254 cum
934 2181 1036 2254 Divo
1065 2178 1253 2277 Apostolo
1283 2178 1445 2275 poterit:

189 2296 415 2371 “Continuo
445 2322 518 2372 non
558 2299 727 2397 acquievi
759 2300 859 2372 carni
892 2318 929 2373 et
956 2298 1128 2397 sanguini
1160 2315 1200 2372 ut
1227 2297 1446 2395 propinquis

187 2414 351 2489 faverem
363 2414 392 2497 ”.
413 2433 451 2490 et
466 2416 517 2490 ita
534 2416 684 2491 liberior
701 2417 771 2492 erit
788 2418 835 2491 ab
851 2416 991 2490 influxu
1012 2415 1211 2491 multorum
1229 2415 1366 2513 quibus
1384 2413 1444 2488 alii

186 2531 532 2630 patresfamiliarum
552 2535 822 2632 opprimuntur.

240 2635 397 2748 Propter
409 2653 682 2728 neutralitatem
701 2673 739 2729 et
757 2655 979 2752 parvitatem
995 2672 1114 2728 status
1128 2652 1246 2727 civilis
1264 2650 1444 2726 Ecclesiae

185 2768 401 2843 liberabitur
413 2771 461 2843 ab
476 2771 617 2847 influxu
636 2772 786 2871 politico
798 2792 836 2848 et
850 2800 872 2847 a
884 2773 1070 2848 desiderio
1083 2770 1312 2847 extendendi
1329 2771 1444 2867 impe·

187 2887 281 2960 rium
300 2913 418 2962 suum.

239 3005 397 3103 Propter
406 3007 963 3107 scientiam‚provectioremque
987 3025 1135 3083 aetatem
1152 3034 1235 3107 quae
1249 3007 1444 3104 experien-

187 3123 275 3197 tiam
295 3141 333 3197 et
355 3124 530 3198 virtutem
561 3152 691 3223 parere
719 3126 841 3203 solent
868 3128 997 3226 magis,
1016 3125 1330 3224 appropinquabit
1358 3124 1445 3198 Deo

187 3258 225 3314 et
243 3266 310 3338 per
333 3240 463 3315 altiora
489 3243 644 3340 justitiae
673 3246 852 3344 principia
882 3245 931 3318 de
962 3244 1073 3318 rebus
1098 3243 1303 3341 genuinum
1328 3257 1443 3337 atque

189 3378 329 3434 rectum
343 3361 526 3458 judicium
546 3362 641 3438 serre
660 3365 807 3461 poterit.

242 3478 334 3553 Ideo
363 3503 431 3552 nec
462 3479 595 3553 mirum
626 3483 727 3578 quod
758 3507 875 3579 sagax
903 3477 1143 3554 cancellarius
1170 3476 1218 3549 de
1240 3473 1444 3560 Bismarck,

188 3598 429 3695 quantumvis
445 3615 655 3694 protestans
671 3599 953 3685 induratus,imo
968 3595 1211 3671 catholicisrni
1227 3609 1446 3690 persecutor

188 3716 374 3789 satanicus
393 3715 589 3804 exstiterit,
606 3736 729 3792 tamen
751 3719 918 3792 Leonem
940 3714 1044 3788 XIII
1068 3714 1104 3786 in
1132 3711 1310 3784 arbitrum
1330 3708 1446 3807 elegit

193 3837 405 3910 Borussiam
426 3837 521 3910 inter
538 3854 577 3910 et
598 3835 821 3933 Hispaniam
840 3835 877 3908 in
904 3833 973 3907 lite
986 3832 1105 3905 ardua
1122 3830 1219 3904 circa
1237 3827 1446 3925 possessio·

191 3978 275 4028 nem
295 3952 496 4028 insularum
516 3953 784 4029 Carolinarum.

241 4073 394 4168 Quanta
409 4073 764 4172 sanguinis,sudoris
782 4090 895 4168 atque
912 4069 1157 4165 lacrymarum
1174 4061 1315 4149 effusio,
1331 4086 1447 4160 quan·

190 4208 238 4265 tae
257 4190 488 4265 calamitates
507 4190 647 4265 bellicae
665 4215 755 4264 vere
767 4185 1054 4262 innumerabiles
1070 4202 1108 4258 et
1120 4179 1444 4279 imponderabiles,

189 4327 329 4407 quanta
347 4327 499 4405 peccata
513 4308 681 4382 mortalia
695 4333 778 4407 quae
792 4307 839 4380 ad
854 4325 1032 4381 aeternam
1055 4300 1333 4375 damnationem
1346 4323 1447 4395 saepe

190 4426 339 4513 ducunt,
368 4444 522 4524 possent
553 4427 748 4524 praeveniri
777 4443 815 4500 et
839 4424 1009 4521 impediri
1037 4424 1068 4496 si
1086 4422 1249 4517 Europae
1278 4419 1449 4492 nationes

192 4546 330 4621 vellent
343 4548 509 4621 minuere
529 4570 722 4619 numerum
742 4542 898 4617 militum
913 4564 1076 4627 suorum,
1092 4557 1240 4637 pactum
1260 4537 1352 4610 inire
1365 4560 1450 4610 sese

231 4757 252 4797 r.
266 4743 355 4797 AIIoc.
369 4757 397 4796 ιι
411 4743 480 4797 Feb.
498 4742 572 4809 1889.
