3496 5482
1123 484 1402 498 *β’-..-

601 511 724 600 eaeor
751 549 943 612 QUtNTUM.
1161 599 1165 606 ,
1357 547 1403 620 95

147 717 266 816 fulget
285 741 374 791 vera
399 713 547 812 Religio
573 713 787 786 Christiana
815 732 853 786 et
874 714 1030 811 “cujus
1062 714 1210 802 fides‚ut
1235 714 1322 789 olim
1355 716 1406 788 ait

151 835 297 922 Paulus,
326 833 566 908 annuntiatur
585 833 621 904 in
646 831 821 904 universo
840 832 981 904 mundo
1000 830 1044 930 (¹)
1078 833 1107 903 ’'.
1142 833 1247 907 Sicut
1275 833 1406 907 Petrus

147 953 263 1028 debet
290 953 326 1025 in
354 951 428 1025 fide
447 975 514 1023 sua
545 948 765 1023 confirmare
791 947 922 1022 fratres
958 975 1056 1035 suos,
1089 950 1202 1025 itaet
1230 949 1407 1026 cathedra

49 1147 52 1151 .
153 1073 263 1158 Petri,
291 1071 499 1146 Ecclesiam
522 1071 731 1143 Romanam
752 1068 861 1143 decet
880 1093 946 1166 per
966 1071 1201 1167 majestatem
1220 1090 1258 1146 et
1274 1070 1408 1146 solem·

150 1193 305 1265 nitatem
333 1190 469 1263 rituum
496 1213 684 1262 sacrorum
717 1204 875 1260 coeteras
905 1186 1124 1262 confirmare
1153 1189 1339 1276 ecclesias,
1369 1208 1410 1263 ut

151 1328 306 1383 matrem
323 1309 432 1381 decet
450 1306 554 1380 filias.
579 1305 630 1378 Et
651 1305 768 1379 eheu!
789 1329 885 1377 nunc
905 1304 941 1377 in
961 1305 1067 1380 Urbe
1085 1305 1154 1379 hac
1174 1328 1409 1382 sacrosancta

152 1453 220 1502 nec
235 1426 319 1501 licet
339 1424 531 1524 religiosas
550 1423 809 1521 processiones
828 1442 959 1519 pacate
972 1423 1061 1509 fieri,
1084 1450 1247 1499 neccum
1268 1426 1410 1501 honore

151 1545 425 1619 sanctissimum
445 1542 632 1615 Viaticum
652 1541 797 1616 deferre
826 1539 874 1613 ad
890 1540 1066 1630 infirmos,
1085 1568 1152 1617 nec
1171 1545 1410 1642 peregrinan-

151 1666 244 1740 tium
264 1664 391 1738 turbas
410 1689 492 1736 cum
513 1662 575 1760 pio
593 1661 730 1735 decore
742 1661 889 1757 suscipi.
913 1661 1046 1737 Eheu!
1065 1689 1140 1761 quo
1153 1690 1339 1764 generosa
1350 1664 1412 1739 illa

153 1783 272 1871 tellus,
292 1808 368 1880 quo
386 1782 543 1879 pristina
575 1780 684 1878 hujus
713 1799 852 1854 sanctae
877 1779 992 1854 Urbis
1022 1781 1265 1881 hospitalitas,
1297 1811 1408 1884 quam

157 1901 257 1998 Papa
275 1919 315 1974 ut
335 1927 400 1976 rex
419 1899 676 1995 independens
691 1924 841 1995 semper
852 1896 1008 1998 largitus
1023 1921 1081 1975 est
1094 1927 1167 1975 non
1181 1904 1408 2002 principibus

153 2045 175 2093 a
194 2044 311 2119 regno
333 2044 402 2093 suo
419 2017 601 2115 depositis
621 2035 776 2103 tantum,
797 2017 864 2091 sed
895 2017 1040 2092 miseris
1068 2020 1250 2108 exulibus,
1273 2024 1412 2097 verbo:
1465 2104 1470 2113 ,

154 2136 495 2211 infortunatissimis
513 2136 819 2233 quibuscumque.
840 2135 970 2209 Eheu!
990 2162 1066 2233 quo
1086 2140 1251 2213 conditio
1270 2160 1411 2238 protra-

154 2275 213 2330 cta
228 2276 285 2331 est
307 2258 425 2330 Patris
445 2255 601 2329 familias
622 2254 737 2329 Orbis
757 2255 952 2330 catholici!
974 2257 1088 2333 Hunc
1108 2260 1218 2335 minis
1236 2279 1274 2336 et
1292 2262 1413 2359 poenis

156 2375 364 2472 prohibere,
386 2373 541 2449 facultas
559 2393 616 2448 est
635 2373 812 2470 potestati
832 2373 930 2447 civili
950 2376 1125 2472 profanae,
1147 2380 1236 2477 quin
1251 2380 1413 2480 aliquem

157 2518 179 2566 e
196 2491 279 2566 filiis
298 2493 384 2578 suis,
407 2491 645 2566 miseratione
668 2491 833 2589 dignum,
856 2512 894 2566 ut
915 2493 1102 2591 hospitem
1121 2496 1223 2572 domi
1243 2499 1409 2597 accipiat.

211 2625 261 2686 13.
283 2612 543 2687 Sacratissima
573 2611 717 2684 dicatur
748 2611 870 2685 Roma
889 2633 1041 2710 propter
1059 2619 1267 2693 sanctitatis
1287 2619 1414 2694 titulos

159 2730 457 2806 innumerabiles.
480 2729 593 2825 Quod
622 2729 653 2802 si
686 2729 744 2802 vel
773 2729 896 2803 aditus
925 2731 1019 2806 aulae
1038 2735 1150 2833 regite
1170 2738 1413 2812 veneratione

159 2850 296 2950 dignus
314 2870 487 2926 censetur
513 2876 560 2924 ex
589 2847 669 2922 sola
700 2848 999 2946 frequentatione
1022 2853 1258 2950 principum:
1279 2865 1300 2892 ‘⁶
1321 2855 1417 2950 Quis

159 2968 394 3043 dinumerare
406 2968 524 3066 possit
544 2967 736 3065 pulverem
755 2967 872 3063 Jacob
892 2987 930 3042 et
949 2995 1060 3045 nosse
1080 2998 1274 3047 numerum
1293 2973 1418 3070 stirpis

72 3184 74 3189 ,
163 3087 277 3161 lsrael
290 3087 355 3188 (²)'’
369 3090 425 3162 ie.
441 3089 777 3186 frequentationem
796 3088 1055 3187 dignissimam
1068 3090 1269 3166 aulicorum
1289 3091 1417 3166 Eccle-

160 3206 273 3299 siae?l
301 3252 351 3263 -
393 3208 450 3281 lbi
477 3207 576 3281 enim
616 3225 703 3280 sunt
741 3206 970 3293 Cardinates,
1004 3208 1194 3306 Principes
1225 3209 1415 3295 Ecclesiae,
1490 3310 1492 3312 -

162 3325 359 3399 consiliarii
373 3325 510 3398 Vicarii
526 3324 675 3407 Christi,
696 3323 877 3399 electores
895 3326 1121 3400 successoris
1141 3326 1231 3425 ejus.
1253 3328 1309 3401 lbi
1334 3347 1420 3401 sunt

162 3443 399 3518 ecclesiarum
436 3443 569 3517 Romae
597 3442 773 3517 titulares.
798 3442 854 3515 lbi
874 3444 1083 3517 sanctuaria
1110 3464 1147 3518 et
1178 3446 1280 3519 aedes
1305 3471 1420 3519 sacrae

164 3563 430 3660 antiquissima,
461 3562 536 3636 fere
565 3559 856 3635 innumerabilia.
889 3561 946 3634 lbi
972 3560 1193 3658 Superiores
1213 3563 1420 3638 Generales

164 3680 335 3753 ordinum
363 3678 631 3777 religiosorum.
657 3678 713 3751 lbi
733 3676 896 3775 legiferae
916 3677 1242 3776 Congregationes
1261 3699 1298 3754 et
1318 3681 1423 3777 spiri·

166 3796 278 3872 tualia
292 3797 497 3872 tribunalia.
507 3797 562 3870 Ibi
576 3796 837 3869 universitates
849 3815 886 3869 et
898 3795 1063 3895 collegia,
1078 3822 1214 3896 magna
1226 3797 1423 3871 luminaria

167 3915 415 3991 scientiarum.
449 3915 485 3990 O
518 3914 627 3988 beata
660 3912 787 3987 tellus!
819 3912 986 4007 “Quam
1015 3913 1167 4011 pulchra
1187 3916 1426 3991 tabernacula

168 4034 411 4131 tua,Jacob,et
424 4033 585 4106 tentoria
603 4031 818 4118 tua,lsrae'll
842 4032 896 4104 Ut
910 4030 1024 4104 valles
1044 4058 1262 4118 nemorosae,
1272 4052 1312 4107 ut
1328 4035 1425 4110 horti

164 4156 273 4252 juxta
292 4152 425 4226 fluvios
441 4153 577 4252 irrigui,
599 4170 638 4224 ut
658 4149 895 4224 tabernacula
913 4175 997 4246 quae
1011 4149 1090 4223 fixit
1106 4152 1305 4239 Dominus,
1319 4155 1425 4252 quasi

171 4271 271 4346 cedri
290 4297 407 4368 prope
425 4271 560 4367 aquas!
575 4265 685 4341 Fluet
703 4294 800 4365 aqua
817 4267 865 4341 de
884 4267 993 4341 situla
1012 4270 1102 4365 ejus,
1125 4290 1162 4343 et
1180 4295 1310 4344 semen
1331 4271 1427 4345 illius

172 4391 241 4465 erit
261 4391 297 4464 in
312 4416 427 4489 aquas
447 4389 581 4464 multas
600 4386 655 4488 (³)
681 4387 698 4413 ''

898 4510 982 4515 -.-ν
997 4510 1429 4520 .--------.-.ι-

212 4568 233 4608 1.
258 4554 347 4623 Rom.‚
361 4567 381 4623 Ι,
396 4554 420 4609 8.

211 4648 235 4687 2.
250 4634 347 4702 Num,
362 4647 453 4702 xxnr,
469 4649 508 4688 ιο.

212 4727 237 4779 3.
251 4714 348 4783 Num,
358 4728 468 4783 xxrv,5
483 4725 512 4768 et
520 4730 579 4782 seq,
