3496 5482
704 501 825 552 CAPUT
852 502 1042 552 DECIMUM.
1433 499 1521 573 225

158 695 160 699 ’
246 688 399 761 operam
418 663 466 736 ab
485 662 565 736 istis
584 651 776 735 insumi'in
798 644 953 760 imperio
975 659 1118 733 Nostro
1144 658 1187 732 iis‘
1207 658 1338 734 mediis
1358 658 1508 765 fulcien-

212 877 213 880 ,
246 782 305 868 do,
324 806 409 879 quae
429 780 549 877 ipsum
568 796 753 864 evertunt,
774 778 977 875 delentque
996 775 1052 877 (¹).
1069 776 1085 804 '¹
1105 821 1155 832 —
1176 776 1361 851 Latrones
1379 802 1506 851 cerne·

196 931 199 935 ·
247 924 306 973 res
323 898 361 971 vi
381 923 567 972 armorum
588 898 653 972 tibi
673 896 1051 970 auferrecrumenam
1071 895 1232 968 nummis
1251 894 1422 970 refertam
1446 912 1507 981 ;et

131 1025 136 1037 '
246 1036 378 1113 postea
397 1014 590 1114 largiendo
610 1015 675 1088 tibi
701 1014 841 1112 aliquid
860 1013 1028 1112 pecuniae
1046 1013 1144 1087 hunc
1173 1038 1286 1111 agere
1304 1013 1341 1086 in
1355 1014 1507 1088 modum
1542 1078 1545 1087 ,

245 1136 352 1233 quasi
375 1154 501 1210 essent
517 1137 552 1208 in
576 1154 614 1209 te
638 1135 779 1208 domini
811 1134 985 1211 benevoli
1017 1133 1247 1233 legitimique
1270 1158 1506 1230 possessores
1598 1136 1600 1142 ⁸

246 1253 419 1328 thesauri.
450 1253 589 1326 Nonne
626 1253 837 1351 hujusmodi
874 1252 1073 1327 ludibrium
1100 1251 1367 1325 absurditatem
1399 1245 1507 1326 olet?

250 1373 334 1446 Hac
354 1389 477 1445 tamen
507 1371 605 1445 haud
626 1373 746 1445 minor
771 1390 828 1446 est
857 1371 1082 1446 Cautionum
1113 1396 1134 1443 a
1161 1370 1344 1470 gubernio
1375 1371 1504 1446 ltalico

245 1489 401 1563 latarum
420 1488 641 1565 absurditas,
1198 1481 1199 1484 ¹

237 1693 239 1696 Α
297 1616 316 1644 “
335 1607 501 1703 Insuper,
516 1606 639 1705 pergit
652 1606 743 1680 ¹Pius
762 1607 831 1692 IX,
850 1606 1051 1680 intrinseca
1071 1598 1202 1681 natura
1220 1607 1503 1681 concessionum

244 1749 287 1796 ea
306 1742 373 1828 est,
394 1742 434 1821 ut
450 1725 611 1821 ipsarum
632 1748 864 1822 unaquaeque
878 1723 1078 1821 specialem
1098 1749 1225 1797 secum
1241 1723 1333 1799 serat
1347 1725 1503 1798 servitu·

244 1858 330 1927 tem,
350 1867 434 1939 quae
453 1840 565 1939 longe
584 1845 735 1939 quoque
753 1842 879 1915 durior
898 1840 1056 1917 efficitur
1076 1866 1123 1915 ex
1147 1842 1415 1940 posterioribus
1438 1844 1501 1917 ad-

243 1958 681 2033 ditiseme'ndationibus.
835 2043 836 2047 Ἰ

294 2086 315 2113 “
334 2077 528 2155 Postremo
548 2075 802 2150 fraudulentus
821 2096 857 2150 et
878 2076 1022 2151 hostilis
1047 2077 1217 2175 spiritus,
1229 2077 1303 2175 qui,
1329 2080 1502 2175 quamvis

243 2193 421 2267 insidiose
452 2193 646 2281 coloratus,
676 2221 723 2268 ex
753 2193 824 2268 illis
849 2195 1018 2294 emergit,
1039 2221 1086 2270 ex
1117 2195 1294 2270 continua
1323 2196 1501 2271 sactorum

242 2311 337 2384 serie
355 2311 450 2385 adeo
470 2310 678 2398 illustratur,
699 2329 739 2386 ut
758 2313 977 2387 evidentem
997 2313 1232 2388 contumeliae
1250 2313 1502 2388 characterem

243 2427 315 2500 illis
336 2428 466 2502 inurat.
488 2429 505 2455 ”
1508 2441 1510 2444 ’

296 2545 426 2644 Regiae
444 2546 616 2643 dignitati
640 2546 829 2620 Pontificis
847 2547 1039 2645 provisum
1067 2573 1150 2622 esse
1179 2548 1370 2623 clamitant
1396 2575 1501 2624 ener-

241 2663 393 2760 gumeni
408 2663 467 2749 illi,
477 2664 583 2737 sicuti
596 2663 810 2761 olimJudaei
825 2663 971 2738 titulum
985 2665 1129 2764 regium
1144 2666 1241 2739 cruci
1254 2669 1392 2764 apponi
1407 2667 1502 2742 sece-

244 2799 326 2853 runt
343 2806 409 2855 nec
422 2778 580 2854 clamare
594 2799 835 2874 cessaverunt
848 2782 943 2856 inter
957 2781 1114 2856 ludibria
1128 2802 1165 2857 et
1185 2783 1352 2881 flagella:
1370 2796 1389 2823 “
1405 2786 1501 2872 Ave,

95 2895 97 2898 ⁴
189 2905 191 2909 ’
243 2887 308 2970 rex
327 2898 551 2993 Judaeorum.
570 2898 586 2925 '’
622 2899 679 2973 lta
711 2916 748 2973 et
780 2899 869 2973 mihi
899 2900 1048 2974 videtur
1078 2901 1302 2999 gubernium
1335 2901 1503 2976 Italicum

242 3016 395 3094 illudere
414 3020 562 3093 Vicario
581 3020 721 3095 Christi
747 3038 784 3095 et
803 3021 850 3094 ad
869 3021 1035 3120 singulas
1065 3023 1293 3119 respondere
1319 3025 1504 3122 querimo-

244 3139 345 3212 nias:
366 3149 386 3176 “
405 3139 488 3213 Ave
507 3140 591 3213 rex!
609 3139 624 3166 ''
642 3157 680 3213 tu
701 3165 765 3213 rex
785 3164 825 3213 es
843 3140 906 3237 qui
927 3165 1056 3214 manes
1083 3142 1194 3240 regiis
1221 3141 1425 3241 privilegiis
1451 3144 1523 3215 in·'

242 3256 411 3355 signitus.

294 3373 441 3468 “Quod
460 3373 490 3446 si
509 3373 625 3448 divini
644 3374 805 3448 auctoris
820 3374 881 3448 sui
902 3375 1104 3472 imaginem
1125 3375 1162 3449 in
1182 3402 1223 3451 se
1242 3376 1354 3451 debet
1375 3376 1504 3453 Eccle-

242 3494 296 3568 sia
316 3493 461 3579 relerre‚
477 3518 601 3567 nonne
615 3493 836 3568 debebimus
855 3494 950 3580 Nos,
964 3494 1127 3590 qui,licet
1143 3496 1392 3591 immerentes,
1408 3498 1504 3594 Jasu

243 3610 407 3684 Crrnrsrt
426 3609 463 3683 in
482 3611 590 3684 terris
609 3611 710 3684 vices
728 3610 903 3709 gerimus,
928 3611 1067 3708 gratias
1087 3612 1156 3709 ipsi
1171 3615 1386 3710 rependere,
1402 3615 1504 3710 quod

160 3728 163 3733 ’
246 3729 329 3802 Nos
346 3753 496 3826 quoque
515 3729 611 3802 sinat
631 3728 817 3826 injuriosis
839 3728 982 3824 imperii
999 3728 1167 3826 insigniis
1182 3731 1399 3804 circmudari
1415 3730 1503 3831 (²)?''

244 3846 416 3920 Profecto
445 3845 642 3919 ludibrium
662 3865 718 3919 est
746 3864 783 3919 et
811 3844 1045 3918 simulacrum
1079 3847 1232 3945 impium
1261 3849 1396 3947 regalis
1425 3877 1501 3924 ma·

237 3962 386 4060 jestatis
406 3963 588 4036 famosum
622 3962 709 4036 illud
739 3981 992 4037 commentum
1022 3962 1185 4038 italicum
1204 3964 1329 4065 legum
1354 3961 1504 4041 Cautio-

243 4105 330 4153 num
350 4098 387 4154 et
406 4080 764 4166 exterritorialitatis
782 4081 876 4155 sicut
900 4081 998 4180 Regi
1019 4107 1150 4180 regum
1171 4083 1323 4159 Christo
1348 4081 1507 4158 ludibria

243 4198 344 4271 luere
376 4199 492 4295 spinae
524 4224 592 4296 pro
619 4223 767 4285 corona,
794 4199 937 4273 arundo
968 4224 1035 4296 pro
1061 4218 1218 4296 sceptro,
1238 4200 1405 4299 chlamys
1439 4228 1505 4300 pro

244 4316 363 4413 pallio,
386 4318 577 4413 inscriptio
595 4319 713 4391 crucis
732 4344 800 4414 pro
828 4319 944 4393 titulo.
965 4319 982 4346 ”

249 4477 316 4481 -——-—
326 4475 437 4485 -o—--—--
686 4478 730 4482 υ-
752 4478 774 4482 v-
786 4478 801 4482 ν·-
813 4478 866 4482 ———
880 4478 900 4481 --
924 4478 953 4482 μ
1061 4478 1504 4489 -—=-·-——-—-—-———---.—...

283 4565 301 4602 r.
318 4551 370 4618 Ep.
386 4565 400 4604 2
418 4552 500 4603 Mart.
516 4552 587 4614 1871.

279 4645 303 4683 2.
318 4629 371 4699 Ep.
386 4630 424 4684 ad
434 4631 584 4700 carduic,
598 4646 613 4684 2
629 4632 713 4685 Mart.
731 4631 806 4696 187r.

296 4748 355 4798 Papn
368 4746 395 4788 sit
409 4762 446 4788 rex
463 4750 544 4789 Rornae„
