3496 5482
737 529 831 580 ΡΑΡΑ
858 529 917 580 SIT
944 530 1019 579 REX
1048 530 1176 580 ROMAE.

333 631 667 640 ——-————-—-—.
681 633 751 641 -.—---
772 633 1030 639 .—--——.——-
1040 634 1048 639 .

330 686 422 761 biles
467 688 813 764 transformationes
858 689 894 762 in
932 690 1094 763 futurum
1139 689 1423 786 apprehendere
1456 689 1589 764 viden·

329 824 388 881 tur
406 805 451 907 (¹)
468 808 496 881 ”.
523 808 580 881 lta
607 809 768 905 denique
798 808 939 905 perlida
970 827 1072 882 secta
1098 833 1183 881 curn
1205 808 1284 905 jam
1304 832 1390 881 arce
1419 807 1588 882 veritatis

328 943 365 1000 et
401 926 590 1000 christiani
620 927 761 1001 ordinis
793 928 841 1000 sit
872 927 999 1024 potita,
1021 927 1108 1002 novi
1130 925 1344 1026 Paganismi
1374 951 1439 1000 seu
1468 926 1588 1022 putidi

330 1043 558 1118 naturalismi
588 1044 725 1118 condet
745 1044 954 1119 universale
981 1070 1148 1144 regnum,
1168 1045 1264 1118 sicut
1282 1043 1370 1118 olim
1393 1043 1587 1118 conditum

329 1162 514 1235 cernimus
536 1161 761 1236 Universale
783 1164 995 1236 Romanum
1030 1163 1244 1259 Imperium,
1260 1163 1356 1237 sicut
1377 1161 1587 1236 Ecclesiam

329 1279 517 1353 aChristo
547 1299 724 1376 tanquam
758 1279 968 1355 universale
995 1281 1068 1356 Dei
1098 1305 1255 1380 regnum
1293 1281 1388 1355 inter
1414 1279 1588 1355 homines

329 1397 509 1469 divinitus
539 1396 746 1470 institutam
768 1397 951 1470 novimus.

384 1530 434 1591 13.
447 1514 580 1588 Caecus
610 1533 668 1587 est
680 1540 781 1614 ergo,
803 1515 956 1612 quinon
974 1515 1078 1589 videt
1098 1515 1133 1588 in
1162 1513 1396 1590 restitutione
1411 1514 1449 1589 S.
1472 1513 1584 1589 Sedis

329 1649 367 1705 et
386 1632 655 1706 restauratione
669 1633 811 1706 ordinis
829 1631 975 1706 socialis
995 1633 1083 1717 veri,
1105 1657 1217 1705 unam
1245 1633 1493 1730 eamdemque
1523 1632 1586 1732 agi

329 1774 478 1823 causam
493 1777 500 1834 ;
515 1775 635 1823 caecus
664 1768 721 1824 est
756 1751 914 1847 quinon
943 1751 1071 1837 cernit,
1094 1775 1207 1823 unum
1228 1749 1403 1846 idemque
1434 1750 1586 1825 obstare

330 1867 638 1965 impedimentum
669 1868 869 1965 quominus
915 1886 1071 1965 utraque
1109 1867 1157 1940 ad
1186 1867 1330 1941 felicem
1362 1866 1588 1963 perducatur

329 1985 494 2072 exitum;
515 2010 636 2059 caecus
654 2001 722 2071 est,
735 1984 799 2081 qui
832 2010 905 2058 non
926 1984 1126 2082 perspiciat
1152 1983 1307 2058 consilia
1339 2002 1452 2058 sectae
1468 2012 1476 2073 ;
1494 2008 1587 2082 quo·

330 2103 443 2179 modo
462 2103 542 2178 haec
574 2103 798 2200 percusserit
817 2101 957 2177 Sedem
977 2099 1247 2199 Apostolicam,
1265 2119 1305 2175 ut
1323 2120 1425 2177 certo
1448 2101 1586 2177 certius

329 2237 479 2317 separet
497 2219 655 2318 populos
680 2221 727 2293 ab
762 2246 809 2294 ea
827 2248 834 2306 ;
853 2218 1013 2317 populos
1031 2243 1122 2293 vero
1142 2218 1304 2294 alienare
1332 2238 1466 2294 conata
1481 2219 1530 2294 sit
1548 2238 1589 2295 ut

330 2366 396 2415 eos
414 2340 556 2438 absque
576 2340 741 2415 remedio
773 2341 809 2414 in
839 2340 1041 2437 perniciem
1069 2339 1251 2439 projiciat.
1276 2339 1363 2413 Hoc
1390 2337 1586 2413 consilium

331 2457 543 2532 executioni
573 2460 769 2531 mandatur
797 2458 898 2555 quod
921 2457 1126 2554 antiquitus
1156 2457 1317 2531 inierunt
1347 2456 1417 2553 ipsi
1449 2455 1587 2529 inimici

332 2574 471 2650 Christi
502 2574 728 2649 Salvatoris:
763 2574 1005 2648 “Percutiam
1036 2592 1226 2672 pastorem
1256 2592 1296 2648 et
1326 2573 1589 2671 dispergentur

330 2721 423 2771 oves
441 2695 567 2794 gregis
585 2693 640 2794 (²).
656 2696 672 2725 '’

383 2816 506 2911 Quam
522 2814 568 2888 ad
588 2815 789 2911 perniciem
802 2815 1051 2890 amovendam
1076 2812 1292 2888 adhibenda
1314 2830 1401 2889 sunt
1420 2812 1587 2887 remedia

331 2933 379 3008 ab
398 2934 478 3029 ipso
500 2931 680 3006 Pontifice
698 2933 907 3031 assignata:
923 2932 1162 3007 observantia
1174 2931 1408 3006 decretorum
1422 2931 1589 3027 Aposto-

331 3052 410 3127 licae
442 3051 564 3139 Sedis,
584 3051 794 3126 sollicitudo
809 3051 1030 3149 episcopalis
1050 3052 1087 3124 in
1102 3068 1286 3125 sectarum
1299 3048 1463 3124 artificiis
1482 3050 1586 3124 dete·

330 3170 475 3270 gendis,
512 3168 683 3245 defensio
714 3171 882 3244 veritatis
926 3169 1119 3244 catholicae
1150 3168 1265 3241 verbo
1297 3184 1335 3241 et
1372 3166 1519 3263 scriptis
1550 3185 1589 3241 et

331 3313 445 3387 opera
471 3287 583 3362 etiam
623 3288 785 3361 virorum
817 3287 1005 3362 laicorum.
1025 3334 1075 3345 -
1096 3289 1282 3361 Praeterea
1308 3288 1360 3360 ait
1388 3285 1589 3361 Pontifex:

332 3407 597 3506 “oppugnatio
616 3424 692 3480 tam
718 3407 923 3483 vehemens
955 3408 1293 3508 propugnationem
1330 3406 1494 3504 postulat
1524 3431 1589 3504 pa·

332 3547 433 3602 rem:
455 3524 627 3598 nimirum
652 3525 739 3599 boni
772 3550 903 3600 omnes
934 3526 1200 3623 amplissimam
1225 3525 1426 3622 quamdam
1454 3542 1590 3598 coeant

330 3671 425 3743 opus
443 3662 501 3721 est
513 3661 551 3719 et
570 3645 706 3744 agendi
725 3646 941 3720 societatem
961 3664 999 3720 et
1027 3645 1225 3741 praecandi
1242 3646 1270 3720 ”.
1295 3645 1355 3719 Eo
1373 3661 1518 3742 spectat
1551 3662 1590 3719 et

330 3779 449 3837 coetus
462 3763 624 3836 virorum
640 3764 702 3859 qui
717 3762 786 3836 sub
799 3762 906 3837 titulo
923 3763 1071 3860 “Legae
1084 3761 1404 3860 antz'maronnique
1415 3762 1431 3789 ’⁵
1453 3763 1590 3859 prodiit

331 3885 378 3958 ad
391 3885 532 3957 ruinam
553 3902 665 3958 sectae
678 3885 979 3981 prosequendum
993 3884 1149 3982 ejusque
1165 3885 1305 3958 nefaria
1322 3902 1467 3958 secreta
1484 3884 1588 3958 dete·

330 4002 496 4100 gendum
514 4020 552 4076 et
571 4001 629 4074 cui
648 4027 748 4075 anno
765 4006 856 4096 1885
876 4001 1049 4076 Pontifex
1069 4028 1175 4076 suam
1195 4002 1349 4101 largitus
1363 4018 1421 4075 est
1436 3999 1589 4074 benedi·

331 4120 492 4194 ctionem
508 4118 561 4219 (³).
583 4119 641 4192 Eo
660 4138 828 4217 spectare
846 4120 987 4194 debent
1006 4120 1176 4195 catholici
1196 4119 1450 4216 operariorum
1469 4137 1589 4193 coetus

332 4239 352 4312 i.
374 4263 406 4311 e,
427 4236 565 4311 scholae
583 4263 649 4311 seu
668 4236 826 4335 collegia
839 4237 1024 4335 opificum,
1046 4263 1213 4335 quorum,
1236 4238 1271 4309 in
1301 4237 1411 4310 rebus
1426 4235 1534 4310 simul
1551 4254 1589 4312 et

332 4354 507 4442 moribus,
528 4356 623 4429 duce
637 4353 825 4451 religione,
847 4356 1021 4440 tutandis,
1048 4355 1245 4430 utilitatem
1274 4355 1412 4429 sentiet
1431 4353 1590 4429 fortasse

370 4531 391 4573 t.
405 4519 480 4572 Llon
488 4515 577 4586 XIII,
599 4516 635 4571 de
648 4517 822 4584 T'Serclaes‚
839 4517 877 4584 11,
891 4518 935 4571 ch.
947 4517 989 4572 28.
1003 4547 1039 4557 -
1052 4519 1168 4586 Encycl.
1183 4531 1218 4570 20
1230 4517 1318 4586 April.
1336 4516 1411 4581 1884.

368 4611 392 4652 2.
410 4596 530 4664 Marta,
541 4607 628 4665 xxvi,
639 4611 680 4666 3¹·

367 4691 391 4746 3.
403 4676 554 4747 Questr'ons
565 4676 605 4730 du
610 4677 686 4745 jour
695 4692 749 4731 sur
759 4677 789 4732 la
797 4676 1081 4747 franc-masonnerr'e,
1094 4693 1145 4746 par
1155 4677 1189 4732 E.
1198 4674 1339 4742 Mennim,
1350 4673 1590 4746 Redemptoriste.
