3496 5482
1371 464 1580 472 ...ὴ-

322 506 369 576 88
539 510 542 515 ’
729 525 823 575 enen
850 527 909 576 εῖτ
939 527 1011 575 nex
1044 525 1172 576 noun.

322 686 497 788 sugerent
525 685 706 760 civitates.
733 684 952 783 Apostolica
982 685 1104 760 Sedes
1131 684 1285 782 perinde
1304 685 1512 760 habebatur
1539 711 1582 758 ac

322 803 648 904 propugnaculum,
685 803 845 878 iustitiae
880 821 918 876 et
957 803 1199 877 infirmiorum
1242 802 1357 878 tutela
1400 803 1582 877 adversus
1687 829 1689 832 ⁴

323 924 476 999 iniurias
494 924 756 1023 potentiorum.
780 923 831 997 Et
850 922 921 998 hoc
950 924 1102 1022 quidem
1135 949 1219 998 cum
1256 949 1394 1023 magna
1421 922 1581 1000 utilitate

323 1045 537 1132 communi3
568 1044 636 1118 hac
664 1043 763 1118 enim
793 1043 936 1118 ratione
966 1043 1102 1118 factum
1135 1061 1202 1130 est,
1245 1061 1295 1128 ut,
1339 1043 1582 1118 Pontificibus

320 1163 544 1249 auctoribus,
560 1163 767 1259 diremptae
785 1186 899 1259 saepe
917 1163 990 1236 sint
1009 1162 1297 1249 controversiae,
1305 1161 1424 1237 sedati
1444 1162 1579 1236 tumul-

325 1299 392 1366 tus,
414 1279 583 1356 sublatae
596 1280 814 1365 discordiae,
831 1278 928 1355 bella
947 1280 1165 1377 composita.

377 1409 396 1437 “
418 1400 461 1472 In
482 1399 551 1473 hoc
569 1415 695 1473 tamen
716 1398 930 1495 magisterio
950 1397 1171 1495 populorum
1191 1422 1233 1471 ac
1253 1422 1364 1494 pene·
1380 1399 1579 1484 dictatura,
1695 1481 1697 1485 ¹

324 1541 435 1591 nemo
457 1518 649 1592 Romanos
671 1515 872 1590 Pontifices
891 1515 969 1590 iure
986 1533 1165 1615 coarguet
1181 1515 1327 1612 imperii
1341 1516 1399 1591 sui
1414 1515 1473 1592 vel
1486 1541 1580 1612 opes

326 1660 475 1734 augere,
495 1633 555 1710 vel
575 1635 669 1709 fines
688 1634 854 1732 proferre
873 1631 1047 1708 voluisse.
1111 1637 1113 1640 ’

377 1766 397 1795 “
418 1756 583 1860 Omnem
602 1773 827 1852 potestatem
847 1779 952 1828 suam
972 1753 1056 1828 illuc
1074 1748 1224 1850 semper
1243 1772 1519 1840 converterunt,
1542 1770 1583 1828 ut

325 1873 538 1948 civitatibus
554 1873 779 1971 prodessent
798 1871 853 1971 (¹).
876 1872 893 1898 ”
970 1916 972 1920 ·

376 1991 472 2066 ltem
493 1991 592 2066 haud
619 2016 749 2088 parum
769 1990 837 2064 suit
863 1990 1032 2064 societati
1053 1989 1211 2088 publicae
1239 1990 1423 2066 beneficio
1450 1990 1581 2064 Domi·

327 2110 427 2184 nium
448 2110 486 2185 S.
511 2109 621 2194 Petri,
641 2135 725 2182 cum
744 2133 892 2206 semper
911 2108 1228 2183 exstaret-civitas
1248 2108 1380 2208 refugii
1410 2108 1583 2183 etaltera

326 2228 431 2325 quasi
451 2228 570 2325 patria
588 2252 656 2325 pro
675 2226 777 2302 hisce
804 2225 1039 2300 infortunatis
1057 2227 1121 2324 qui
1157 2224 1243 2300 alibi
1269 2252 1342 2301 non
1375 2245 1481 2302 erant
1513 2227 1582 2300 nisi

217 2354 220 2358 “
328 2346 476 2445 profugi
495 2346 554 2420 vel
574 2344 712 2421 exules.
730 2345 793 2420 Sic
811 2344 987 2419 saeculum
1007 2363 1174 2418 nostrum
1195 2345 1369 2419 intuitum
1386 2363 1444 2420 est
1475 2345 1580 2418 Pium

326 2468 405 2540 VII
438 2466 728 2565 hospitalitatem
772 2449 1191 2565 regalem'ofserentem
1225 2465 1333 2538 matri
1365 2484 1402 2538 et
1435 2464 1582 2538 familiae

330 2585 562 2683 Napolconis
585 2586 612 2672 I,
635 2585 883 2682 persecutoris
911 2585 978 2670 sui,
999 2609 1083 2681 quae
1099 2601 1184 2680 post
1215 2582 1326 2682 hujus
1345 2584 1433 2658 novi
1453 2583 1581 2657 Atillae

324 2706 602 2805 casum,ubique
617 2724 795 2781 terrarum
811 2703 1045 2804 rejiciebatur
1060 2703 1125 2803 (²).

373 2840 409 2900 4.
441 2826 635 2902 Possessio
669 2825 836 2900 Dominii
865 2823 1079 2921 temporalis
1099 2823 1136 2898 S.
1159 2822 1270 2896 Sedis
1299 2840 1425 2897 manet
1450 2847 1581 2921 perpe·

323 2963 463 3043 tuoque
477 2962 622 3019 sacrata
639 2944 804 3018 manebit
820 2941 879 3017 vel
896 2961 1048 3038 propter
1060 2940 1206 3015 titulum
1225 2941 1445 3014 diutissimae
1465 2960 1501 3015 et
1516 2966 1579 3038 pa·

323 3063 437 3137 cificae
455 3062 709 3160 occupationis
727 3088 749 3134 a
768 3061 914 3136 S.Sede
934 3084 1078 3134 necnon
1099 3059 1388 3156 praescriptionis
1407 3075 1578 3156 peractae.

376 3190 396 3222 “
418 3179 523 3268 Illud,
544 3181 645 3279 quod
666 3180 816 3254 maximi
841 3179 1016 3276 ponderis
1031 3197 1097 3265 est,
1123 3222 1173 3234 -
1191 3179 1309 3275 inquit
1326 3178 1519 3263 PiusVlI‚
1533 3222 1582 3233 -

254 3381 256 3391 ,
324 3300 372 3374 ad
397 3299 575 3378 tuendum
599 3300 781 3373 Romanae
802 3297 982 3372 Ecclesiae
1002 3297 1037 3370 in
1065 3297 1142 3371 suis
1166 3296 1371 3371 ditionibus
1392 3297 1578 3394 Principa-

326 3436 404 3492 tum
423 3444 445 3491 a
467 3417 640 3517 longaeva
657 3418 788 3492 decem
808 3436 845 3491 et
876 3415 970 3490 ultra
1000 3414 1221 3489 saeculorum
1247 3414 1402 3511 pacifica
1433 3440 1581 3511 posses-

325 3537 430 3610 sione
450 3554 617 3634 repetere
633 3536 837 3634 praesertim
853 3554 1010 3632 oportet,
1032 3560 1143 3632 quam
1164 3560 1285 3632 neque
1305 3559 1400 3606 unus
1419 3559 1466 3607 ex
1486 3534 1580 3633 regi·

326 3655 406 3740 bus,
427 3653 581 3752 aliisque
602 3654 858 3752 potentatibus
876 3652 1000 3727 saeculi
1017 3653 1182 3750 prolerre
1202 3668 1338 3749 potest.

382 3783 403 3814 ‘⁶
426 3775 439 3848 l
447 3799 508 3849 mo
526 3776 556 3849 si
576 3775 659 3872 quis
679 3775 945 3872 cujuscumque
964 3772 1140 3846 familiam
1174 3789 1249 3845 tam
1282 3769 1465 3868 longaevae
1497 3796 1581 3867 pos-

327 3891 503 3967 sessionis
516 3893 602 3991 jure
622 3892 802 3965 munitam
821 3915 843 3963 a
861 3890 1009 3987 privato
1035 3889 1149 3962 sundo
1181 3889 1381 3962 exturbare
1413 3888 1578 3974 auderet,

327 4035 447 4107 neque
467 4035 489 4083 a
501 4010 630 4109 judice
648 4011 848 4096 audiretur,
870 4026 908 4083 et
928 4008 1075 4082 nonnisi
1095 4009 1256 4106 pervim
1288 4026 1327 4082 et
1358 4007 1579 4082 calumniam

326 4126 363 4201 id
394 4127 472 4201 fieri
517 4153 628 4224 posse
673 4127 929 4225 unusquisque
971 4145 1162 4211 censeret;
1196 4171 1244 4183 -
1280 4143 1422 4224 quanto
1459 4127 1580 4225 magis

327 4244 517 4331 Ecclesiae,
556 4264 593 4320 et
640 4245 847 4343 praesertim
899 4245 1091 4331 Romanae,
1131 4246 1188 4318 cui
1234 4261 1339 4318 tanta
1384 4244 1581 4343 privilegia

323 4389 501 4439 concessa
520 4383 616 4453 sunt,
637 4383 675 4440 et
693 4383 822 4439 contra
840 4390 951 4462 quam
972 4389 1040 4438 nec
1059 4363 1267 4462 longissimi
1287 4362 1466 4459 temporis
1480 4363 1581 4437 valet

366 4619 388 4659 1.
409 4604 466 4657 Leo
487 4604 573 4671 XIII,
595 4605 685 4675 Epist.
699 4605 735 4659 ad
752 4605 846 4674 Episc.
862 4603 974 4668 Siciliae,
989 4618 1021 4656 22
1037 4603 1141 4672 Aprilis
1158 4603 1233 4656 1882.

361 4699 386 4740 2.
405 4683 478 4738 Vide
493 4685 522 4738 P.
539 4685 674 4757 Douglas,
692 4685 718 4736 T
715 4684 749 4736 he
761 4685 860 4738 divine
872 4683 1022 4737 Redeemer
1033 4684 1094 4735 and
1102 4683 1147 4737 ln's
1161 4681 1281 4750 Chuni,
1292 4699 1356 4754 pag.
1370 4681 1431 4751 698.
