3496 5482
463 472 533 479 -..-
543 472 683 479 ..u—..—
723 472 1499 483 .—--—---—--...—..—-‹-—-.-——u-—-ae

245 513 317 583 218
653 535 746 584 naen
773 534 833 586 sm
860 535 936 584 nex
964 533 1089 585 noue.

241 693 462 767 auctoritate
480 694 681 790 praedito?
696 696 812 793 Atqui
832 696 880 769 ab
899 695 981 792 ipso
999 693 1355 792 Pontificejudicata
1368 717 1499 767 caussa

242 827 324 884 est:
361 809 391 883 is
422 811 521 884 enim
554 812 643 908 quid
675 831 712 886 et
740 813 880 887 sentire
906 832 1051 888 ceteros
1082 829 1253 909 oporteat
1280 836 1354 885 non
1383 808 1500 886 semel

244 951 365 1024 neque
383 928 542 1002 obscure
556 929 781 1028 significavit
797 929 850 1029 (¹).
866 929 885 957 '’

295 1045 331 1118 N
337 1070 407 1118 unc
420 1070 510 1120 vero
530 1045 610 1142 ipse
622 1047 724 1121 solus
743 1049 867 1144 Judex
879 1065 1008 1145 aperte
1027 1046 1191 1122 declarat
1208 1058 1228 1087 ‘⁴
1240 1072 1281 1121 se
1293 1047 1400 1122 nulla
1412 1072 1500 1120 vera

243 1164 409 1238 libertate
429 1164 595 1262 gaudere
608 1163 652 1265 (²)
668 1167 675 1238 l
693 1166 711 1194 ”
730 1207 781 1220 ·-
802 1167 1034 1242 Denuntiat:
1058 1167 1332 1243 “acerbitatem
1361 1166 1497 1266 legum,

241 1305 338 1377 quae
353 1281 476 1378 potius
494 1282 542 1355 de
560 1283 652 1356 sacri
666 1283 859 1358 ministerii
878 1284 1146 1381 perfunctione,
1159 1310 1271 1383 quam
1286 1286 1334 1359 de
1353 1282 1501 1357 licentia

241 1397 437 1472 criminum
476 1400 693 1488 coercenda,
733 1426 807 1476 non
848 1401 898 1475 ita
933 1401 1077 1499 pridem
1114 1401 1151 1475 in
1190 1401 1298 1476 ltalia
1336 1401 1500 1499 perlatae
1539 1434 1544 1452 ·

242 1534 329 1591 sunt
343 1515 400 1617 (³)
416 1518 432 1544 ”

294 1633 395 1730 Quid
413 1636 531 1735 magis
550 1637 733 1711 absonum
753 1663 865 1735 quam
885 1639 1005 1737 utqui
1025 1640 1109 1714 Rex
1128 1658 1186 1714 est
1204 1665 1345 1739 regum,
1363 1641 1502 1714 Rector

243 1752 359 1828 Orbis
377 1770 415 1828 et
430 1754 573 1828 Primas
591 1754 885 1831 christifidelium
904 1758 952 1831 de
965 1758 1060 1856 jure,
1081 1757 1129 1831 de
1148 1757 1245 1833 sacto
1259 1783 1349 1832 vero
1367 1757 1501 1833 subda-

244 1891 303 1947 tur
311 1892 355 1947 ut
375 1875 601 1949 novissimus
619 1875 777 1975 quilibet
795 1877 887 1952 civis
905 1879 1100 1977 cujusdam
1115 1895 1235 1953 status
1253 1876 1403 1953 civilis?

297 2001 317 2030 ‘⁸
341 1991 383 2064 ln
396 1993 570 2089 praesenti
582 1994 722 2091 quippe
733 2018 855 2069 rerum
869 2012 968 2070 statu
981 1996 1217 2092 perspicuum
1228 2012 1296 2082 est,
1310 1995 1399 2072 dicit
1409 1997 1498 2093 ipse,

246 2107 330 2182 Nos
357 2108 481 2205 potius
499 2135 612 2207 quam
632 2111 668 2184 in
686 2111 840 2196 Nostra,
859 2112 896 2185 in
922 2111 1044 2188 aliena
1070 2131 1257 2211 potestate
1283 2113 1499 2200 consistere,

243 2251 372 2310 eorum
401 2226 576 2303 videlicet
604 2229 652 2302 ab
687 2255 847 2327 quorum
889 2231 1043 2305 arbitrio
1080 2232 1229 2327 pendet,
1267 2231 1501 2306 conditiones

244 2341 344 2438 ipsas
368 2343 578 2418 existentiae
614 2345 766 2419 Nostrae
786 2371 854 2442 pro
886 2346 1079 2422 hominum
1100 2366 1214 2446 atque
1241 2349 1500 2446 adjunctorum

245 2461 460 2548 variatione,
481 2465 631 2561 quando
649 2482 687 2539 et
705 2491 781 2563 quo
801 2466 913 2540 modo
930 2467 1104 2551 arrideat,
1127 2465 1334 2543 immutare.
1395 2503 1397 2507 ⁴

298 2590 318 2619 “
347 2581 481 2657 Verius
499 2585 539 2657 in
555 2584 679 2658 aliena
693 2594 873 2682 potestate
888 2610 1026 2671 sumus,
1055 2611 1167 2683 quam
1183 2585 1341 2674 Nostra,
1361 2587 1414 2662 uti
1436 2612 1503 2662 sae·

245 2722 450 2800 penumero
469 2703 775 2803 significavimus.

298 2819 463 2916 “Quare
481 2822 529 2896 ab
548 2821 640 2926 inito
661 2822 894 2909 Pontificatu,
910 2823 1012 2920 quod
1028 2823 1210 2899 Nostrum
1230 2823 1393 2898 officium
1412 2840 1502 2908 erat,

246 2939 389 3037 regium
425 2939 675 3037 Principatum
698 2941 871 3014 Romano
901 2939 1082 3027 Pontifici,
1104 2967 1178 3015 non
1208 2942 1360 3038 quidem
1389 2940 1504 3013 ambi·

246 3056 358 3130 tionis
376 3074 479 3142 aestu,
500 3083 567 3132 nec
587 3058 760 3132 humanae
778 3057 1007 3132 celsitudinis
1026 3059 1231 3157 cupiditate
1249 3060 1362 3145 ducti,
1383 3057 1449 3133 sed
1465 3075 1505 3131 ut

247 3200 374 3248 veram
406 3176 672 3274 efficacemque
703 3176 1005 3272 independentiae
1040 3203 1083 3251 ac
1120 3177 1302 3251 libertatis
1338 3174 1504 3262 tutela'm,

248 3295 348 3370 nullo
367 3322 441 3370 non
461 3318 630 3395 tempore
645 3299 758 3372 etiam
774 3318 886 3396 atque
904 3298 1017 3372 etiam
1037 3300 1319 3374 vindicavimus

301 3425 321 3454 ¹⁸
340 3415 452 3491 Nunc
479 3416 651 3492 libertate
670 3417 730 3492 illa
748 3443 874 3492 carere
899 3417 1021 3514 reipsa
1039 3418 1262 3514 experimur,
1277 3444 1362 3516 quae
1381 3418 1429 3492 ad
1453 3442 1507 3491 re·

246 3534 409 3633 gendam
431 3535 641 3610 Ecclesiam
664 3536 747 3622 Dei,
768 3537 926 3635 ejusque
958 3536 1122 3610 rationes
1152 3537 1336 3610 curandas
1354 3536 1508 3611 omnino

251 3652 374 3726 Nobis
393 3654 603 3728 necessaria
613 3673 672 3729 est
692 3652 745 3752 (⁴).
761 3654 778 3682 ''

301 3781 321 3810 ‘¹
337 3771 607 3846 Vehementius
622 3773 659 3846 in
671 3773 752 3847 dies
763 3772 1010 3846 admonemur
1022 3772 1070 3846 de
1089 3798 1134 3846 ea
1149 3773 1369 3870 captivitate
1383 3774 1421 3847 in
1434 3798 1509 3870 qua

248 3914 378 3964 sumus
398 3888 484 3989 (⁵).”

301 4018 321 4047 “
343 4007 586 4083 Declaramus
601 4027 639 4083 et
653 4026 905 4105 protestamur
918 4033 1043 4083 coram
1062 4009 1148 4082 Deo
1163 4025 1200 4082 et
1213 4009 1389 4084 universo
1405 4008 1511 4084 Orbe

249 4124 443 4213 catholico,
467 4128 549 4201 Nos
569 4127 605 4200 in
625 4128 809 4225 ejusmodi
834 4128 1051 4225 captivitate
1069 4127 1219 4213 versari,
1240 4145 1281 4201 ut
1299 4152 1510 4224 supremam

290 4370 311 4410 1.
327 4356 385 4410 Leo
398 4356 483 4423 XIII,
498 4356 587 4425 Epist.
603 4357 640 4411 ad
654 4356 750 4428 Episc.
771 4357 855 4428 Brix,
869 4373 899 4428 31
917 4358 1000 4412 Mart.
1019 4356 1093 4424 1889.

286 4449 311 4489 2.
325 4435 414 4488 AIIoc.
429 4447 462 4502 27
476 4435 552 4504 Sept.
570 4437 644 4490 1888.

287 4528 311 4582 3.
327 4513 417 4582 Epist.
429 4513 465 4568 ad
477 4514 579 4569 ducem
599 4516 726 4583 NortoIk‚
744 4517 871 4586 13April.
888 4518 963 4586 1889.

287 4608 312 4659 4.
327 4593 394 4647 Pius
409 4593 458 4660 IX,
473 4593 550 4660 Lim,
563 4609 598 4662 29
611 4594 689 4664 Sept.
706 4597 782 4663 1870.

291 4685 312 4741 5.
335 4671 517 4741 1d.,Encyc1.
535 4688 544 4727 r
560 4674 633 4727 Nov.
651 4673 725 4740 1870.
