3496 5482
183 478 421 489 —.-.....-—-.—

528 541 650 593 cucur
677 541 855 593 uncinum
872 541 1082 605 Quaerunt.
1368 546 1414 616 3²
1420 546 1441 615 3

183 724 323 774 meram
343 701 535 794 fictionem
551 703 795 789 atheisticam‚
817 704 897 779 sive
928 730 993 801 per
1011 705 1301 781 abstractionem
1327 723 1441 782 mate·

183 818 394 896 rialisticam
421 850 442 898 a
461 823 601 898 viribus
633 824 874 911 naturalibus,
895 824 977 899 sive
1005 850 1072 921 per
1090 825 1217 900 nescio
1239 850 1440 922 quamnam

183 936 305 1013 ideam
324 941 622 1039 pantheisticam,
655 942 807 1017 tandem
828 943 865 1016 in
892 962 1068 1019 concreto
1090 943 1338 1018 Divinitatem
1357 969 1441 1019 cum

182 1055 369 1153 ipsissima
388 1061 507 1158 patria
526 1059 808 1135 identificareut.

237 1192 296 1267 lta
314 1196 377 1293 qui
397 1223 511 1294 purus
534 1215 572 1272 et
590 1198 777 1296 genuinus
797 1197 833 1270 in
852 1195 1009 1294 gloriam
1027 1213 1065 1270 et
1085 1198 1320 1296 majestatem
1341 1196 1443 1294 prius

183 1314 326 1389 exstitit
342 1316 539 1416 religiosus
557 1343 691 1391 sensus
719 1335 850 1414 postea
868 1335 1065 1414 corruptus
1085 1317 1122 1390 in
1156 1317 1298 1391 ruinam
1317 1317 1440 1392 cessit.

184 1429 317 1506 Cultus
348 1436 447 1509 enim
484 1436 619 1510 Patriae
638 1436 706 1519 cui,
740 1435 792 1508 uti
814 1434 985 1520 vidimus
1016 1452 1151 1510 cuncta
1163 1435 1250 1533 jura
1280 1459 1386 1509 sacra
1404 1453 1441 1509 et

184 1548 426 1626 individualia
441 1572 479 1628 et
491 1552 640 1628 socialia
659 1552 1007 1639 servorum‚civium
1020 1572 1057 1626 et
1072 1551 1294 1650 populorum
1314 1553 1442 1627 immo·

183 1668 364 1759 labantur,
388 1673 492 1749 brevi
506 1675 541 1748 in
562 1675 764 1773 pessimum
781 1673 1001 1771 principium
1021 1671 1278 1747 dissolutionis
1296 1671 1442 1746 socialis

183 1787 414 1887 degenerare
432 1793 535 1866 visus
554 1810 622 1867 est.
645 1791 733 1887 Quo
746 1792 968 1866 intrinsecus
987 1791 1243 1864 Romanorum
1259 1790 1443 1866 institutio

184 1932 303 2004 usque
322 1910 369 1984 ad
388 1912 530 1986 exitum
549 1911 742 1986 laboravit.
768 1911 982 2010 Profligatis
1001 1911 1101 1985 enim
1120 1910 1296 1990 omnibus
1314 1910 1442 1985 mundi

186 2024 342 2125 Regnis,
362 2053 494 2104 omnes
514 2029 651 2127 populi,
673 2029 849 2115 moribus,
875 2028 979 2113 ideis,
1003 2027 1186 2126 religione
1205 2028 1352 2114 diversi,
1373 2028 1443 2102 sub

178 2142 274 2242 jugo
288 2144 488 2221 durissimo
502 2147 664 2221 Romani
684 2146 839 2243 imperii,
856 2146 1066 2220 coacervati
1087 2146 1332 2243 reperiuntur.
1349 2146 1384 2220 N
1392 2145 1443 2220 ul·

183 2259 257 2333 lum
280 2262 364 2336 hinc
383 2263 571 2338 vinculum
604 2263 835 2350 moralitatis,
856 2264 923 2338 sed
942 2264 999 2337 vis
1018 2289 1061 2337 ac
1093 2263 1229 2338 serocia
1248 2263 1443 2340 dumtaxat

184 2379 342 2477 populos
361 2382 430 2455 sibi
447 2383 606 2457 invicem
622 2408 665 2456 ac
687 2381 795 2456 simul
810 2407 942 2456 omnes
960 2381 998 2454 in
1017 2382 1227 2456 Romanum
1248 2381 1442 2479 imperium

183 2496 271 2571 odio
289 2517 503 2585 aestuantes,
525 2501 560 2574 in
581 2526 694 2573 unum
714 2499 904 2598 colligunt.
928 2500 1052 2574 Patria
1075 2500 1173 2574 enim
1210 2499 1441 2599 singulorum

184 2641 317 2691 eversa
351 2643 484 2694 omnes
526 2618 642 2693 veluti
680 2643 738 2692 res
776 2644 852 2714 prae
891 2619 1065 2692 Romano
1102 2617 1259 2714 imperio
1304 2617 1445 2692 haben·

184 2751 255 2808 tur.
287 2735 389 2830 Quin
422 2738 509 2811 exin
537 2735 726 2810 vinculum
757 2735 947 2832 quoddam
984 2735 1122 2810 amoris
1156 2735 1280 2810 enasci
1299 2736 1443 2834 possit:

184 2875 268 2925 nam
280 2879 364 2928 cum
384 2856 550 2929 omnium
563 2854 765 2952 patriarum
778 2851 1033 2938 eversione,et
1052 2853 1133 2949 ipsa
1148 2877 1274 2927 earum
1291 2853 1444 2928 numina

183 2970 380 3070 profligata
410 2975 550 3071 jacent.
582 2972 721 3046 Odium
753 2971 890 3045 idcirco
922 2968 1111 3068 politicum
1142 2995 1184 3044 ac
1214 2968 1440 3070 religiosum,

183 3091 390 3183 patrocinio
408 3093 563 3166 deorum
585 3090 776 3174 adnixum,
795 3089 1008 3163 necessario
1027 3089 1064 3162 in
1095 3089 1307 3163 Romanum
1328 3089 1442 3187 impe·

184 3206 277 3280 rium
298 3207 427 3284 servet.
464 3211 676 3283 Romanum
705 3206 791 3281 hinc
811 3208 1006 3305 imperium
1026 3207 1200 3281 omnibus
1220 3208 1273 3281 uti
1297 3209 1444 3307 cogitur

184 3328 327 3414 mediis,
349 3347 388 3404 ut
405 3355 537 3404 omnes
557 3330 593 3402 in
614 3328 733 3402 ferrea
753 3346 929 3402 maneant
948 3342 1144 3424 potestate.

235 3466 297 3540 Sic
317 3467 514 3542 deficiente
533 3493 625 3541 vero
643 3465 942 3541 conservationis
959 3463 1107 3538 socialis
1126 3465 1308 3562 principio
1326 3464 1441 3563 impe·

185 3583 277 3656 rium
291 3586 563 3660 incursionibus
577 3585 820 3659 barbarorum
828 3584 907 3681 jam
922 3602 1023 3680 patet
1038 3608 1106 3657 nec
1119 3584 1292 3658 resistere
1307 3608 1374 3681 par
1384 3604 1442 3659 est

150 3723 154 3731 '
183 3701 1441 3802 acpedetentimsicdilabivideturetlocumcederesocietatinovae.

237 3840 389 3914 Nedum
410 3843 535 3939 itaque
553 3840 769 3923 domestica,
790 3838 857 3912 sed
875 3855 914 3910 et
932 3836 1050 3910 civilis
1068 3838 1180 3912 etiam
1212 3837 1372 3911 societas
1390 3838 1441 3912 ita

183 3960 349 4034 exscissa
367 3985 410 4034 ac
434 3960 555 4033 divisa
587 3959 808 4033 intrinsecus
836 3954 1067 4053 pedetentim
1100 3955 1349 4030 renovabatur
1376 3981 1442 4053 per

184 4076 401 4174 religionem
422 4079 660 4151 christianam
682 4102 705 4149 a
733 4074 931 4149 Salvatore
950 4073 1102 4147 Christo
1120 4072 1260 4147 caelitus
1291 4072 1440 4148 allatam

184 4195 220 4267 in
243 4197 567 4270 conservationem
593 4213 632 4269 et
650 4193 807 4267 salutem
822 4192 973 4292 generis
993 4190 1153 4266 humani.
1180 4191 1281 4264 Hinc
1301 4217 1439 4267 novum

183 4310 512 4410 firmissimumque
540 4313 692 4386 unitatis
734 4331 771 4385 et
803 4309 1100 4385 conservationis
1135 4306 1281 4381 socialis
1318 4309 1440 4383 firma·

184 4450 349 4504 mentum
369 4459 376 4517 ;
408 4431 559 4504 unitatis
577 4431 709 4516 dicam,
732 4454 806 4502 non
821 4429 899 4527 jam
919 4425 1119 4502 materialis
1138 4450 1185 4498 ex
1207 4426 1243 4498 vi
1263 4443 1300 4499 et
1320 4426 1440 4503 ferreo

182 4550 380 4646 potestatis
413 4549 561 4623 vinculo
579 4551 724 4623 obortae
746 4549 812 4622 sed
842 4546 990 4619 unionis
1022 4544 1198 4642 perlectae
1220 4569 1268 4617 ex
1292 4545 1440 4620 vinculo

179 4669 334 4770 justitiae
352 4690 390 4746 et
409 4690 547 4745 mutuae
565 4670 756 4745 charitatis
776 4686 901 4766 partae.
