3496 5482
248 463 821 476 ὺ-σ-ο-ο-α--ιν---ο-οιο--ι-ια-ι-

248 528 321 580 220
655 525 747 575 ΡΑΡΑ
774 525 833 576 SIT
861 526 936 576 REX
966 525 1092 577 ROMAE.

247 632 319 641 —..
327 634 453 641 -—--.
833 632 1066 641 ——w
1155 633 1168 639 -
1177 632 1274 641 ....-—
1280 635 1502 647 ..ᾗ

298 688 349 762 Et
367 689 535 785 quotidie
554 689 639 761 oriri
659 707 801 784 queunt
828 705 987 761 eventus
1009 688 1207 784 possibiles
1225 689 1360 786 quibus
1379 691 1504 766 dilecti

247 806 366 880 Patris
397 808 512 881 nostri
542 806 708 880 conditio
735 807 841 903 pejor
869 805 1001 891 adhuc,
1023 806 1099 880 imo
1126 805 1236 904 plane
1266 808 1506 906 impossibilis

244 925 380 1000 evadat
396 953 403 1000 :
421 937 442 965 ‘⁴
456 925 547 1000 Sive
562 925 734 998 nimirum
748 924 798 997 ob
813 923 1066 1021 praevalentia
1086 925 1278 999 rebellium
1293 928 1502 1015 conamina,

244 1069 449 1142 eorumque
468 1043 671 1130 hominum,
693 1043 755 1141 qui
785 1043 896 1116 animi
917 1042 973 1117 sui
993 1042 1029 1115 in
1051 1043 1192 1118 Christi
1213 1045 1401 1120 Vicarium
1421 1073 1505 1144 pro·

244 1164 366 1260 posita
402 1188 638 1260 nequaquam
674 1160 933 1250 dissimulant;
970 1161 1052 1235 sive
1087 1162 1199 1237 etiam
1237 1165 1287 1238 ob
1323 1164 1505 1240 bellorum

245 1280 531 1367 vicissitudines,
562 1280 859 1378 multiplicesque
886 1305 1007 1354 rerum
1027 1279 1309 1377 implicationes
1338 1309 1437 1381 quae
1468 1283 1505 1358 in

209 1488 213 1494 1
245 1398 341 1473 illius
359 1400 627 1474 detrimentum
645 1399 864 1499 contingere
882 1399 1028 1496 possint
1047 1395 1102 1499 (¹).
1123 1398 1141 1426 '’
1196 1492 1201 1501 .

295 1518 378 1616 Jam
416 1536 586 1616 tempore
625 1517 680 1591 Pii
712 1518 781 1603 lX,
812 1516 1009 1591 cardinalis
1039 1516 1232 1592 Antonelli
1267 1520 1373 1617 quasi
1405 1520 1505 1595 diem

245 1636 428 1734 pr'aevidit,
451 1662 524 1734 qua
544 1637 693 1710 situatio
708 1636 823 1734 'Papae
842 1636 878 1708 in
895 1635 1002 1710 Urbe
1020 1636 1117 1709 adeo
1137 1635 1231 1710 foret
1251 1636 1503 1726 intolerabilis,

245 1774 285 1829 ut
316 1774 514 1855 cogeretur
546 1754 725 1828 Summus
755 1753 939 1839 Pontifex,
969 1753 1029 1828 vel
1058 1753 1210 1839 invitus,
1229 1780 1372 1830 sacram
1402 1757 1505 1832 exire

243 1873 459 1948 civitatem:
487 1872 672 1970 “Neque
707 1872 921 1947 hallucinari
958 1898 1043 1947 eum
1081 1889 1218 1970 putem,
1258 1875 1320 1971 qui
1352 1875 1502 1961 diceret,

244 2016 328 2088 quae
346 1992 405 2066 hic
424 1991 516 2064 fiunt
543 2017 586 2065 ac
614 1990 690 2065 heri
721 1996 906 2088 poterunt,
934 1990 1168 2064 tolerantiam
1187 2017 1272 2089 quac
1305 1992 1505 2067 adhibetur

244 2135 358 2207 quum
377 2110 425 2184 de
454 2110 587 2208 injuria
619 2109 810 2184 Pontificis
837 2134 1008 2206 personae
1036 2109 1287 2208 dignitatique
1305 2111 1430 2211 agitur
1449 2111 1502 2183 in·

245 2229 406 2315 ferenda,
428 2254 473 2303 ea
491 2253 576 2303 esse
595 2229 727 2314 media,
749 2227 885 2325 quibus
920 2227 1110 2301 Pontificis
1138 2229 1308 2327 ejusdem
1328 2229 1376 2303 ab
1398 2229 1504 2303 Urbe

243 2347 448 2422 discessum
469 2346 590 2421 locum
611 2346 750 2421 habere
768 2371 890 2443 posse,
911 2347 1147 2444 praesumitur
1165 2344 1220 2446 (²).
1242 2348 1259 2375 ”

297 2466 380 2540 Nec
400 2466 508 2540 nobis
523 2465 720 2540 temeraria
735 2465 906 2539 videatur
921 2463 1002 2538 talis
1017 2465 1190 2562 suspicio.
1212 2465 1385 2540 Proiecto
1403 2466 1504 2540 enirn

246 2583 447 2659 Massones
474 2585 640 2682 quidest
666 2585 767 2682 quod
799 2584 917 2681 magis
946 2584 1141 2657 intendant
1166 2608 1278 2680 quam
1301 2583 1504 2681 perlectam

243 2703 384 2776 ruinam
405 2703 587 2777 Ecclesiae
602 2721 639 2778 et
657 2701 925 2778 extinctionem
945 2701 1053 2774 seriei
1074 2702 1379 2797 praedicationum
1398 2727 1502 2799 quas,

243 2839 283 2895 ut
304 2822 470 2897 veritatis
486 2841 593 2896 vates
608 2820 807 2895 infallibilis
822 2837 860 2893 et
879 2819 1019 2893 Christi
1039 2819 1219 2907 Vicarius,
1245 2820 1419 2894 Pontifex
1437 2846 1504 2916 per

243 2938 386 3013 Orbem
407 2930 582 3014 resonare
601 2939 686 3014 lacit
704 2966 750 3013 ex
770 2938 953 3012 Vaticano
973 2936 1045 3037 (³)?

295 3068 316 3096 ‘⁸
340 3058 475 3155 Neque
495 3058 578 3132 finis
596 3077 662 3145 est,
682 3083 749 3131 nec
770 3057 902 3131 modus
924 3056 1017 3129 ullus
1031 3056 1154 3130 acerbi
1168 3075 1205 3131 et
1225 3057 1382 3130 luctuosi
1402 3056 1500 3142 belli,

241 3202 325 3250 cum
345 3175 549 3274 apostolica
575 3177 675 3251 Sede
694 3177 866 3273 suscepti,
888 3176 993 3272 cujus
1012 3201 1142 3248 caussa
1160 3176 1328 3248 Ecclesia
1347 3177 1503 3249 incredi-

242 3295 369 3367 biliter
384 3295 537 3381 laborat,
560 3295 817 3391 Romanusque
845 3295 1027 3391 Ponlt‘fex
1054 3294 1094 3366 in
1121 3320 1284 3368 summas
1311 3289 1504 3390 angustias

240 3413 444 3509 compulsus
460 3424 520 3487 est.
546 3414 584 3487 ls
603 3415 702 3488 enim
718 3413 816 3487 civili
833 3412 1043 3509 Principatu
1059 3412 1248 3508 spoliatus,
1267 3438 1420 3487 necesse
1435 3412 1503 3487 suit

242 3548 282 3603 ut
302 3532 337 3604 in
356 3531 515 3605 alienam
535 3533 715 3606 ditionem
736 3549 1037 3628 potestatemque
1055 3531 1288 3605 concederet.

295 3659 315 3687 ‘⁸
338 3650 441 3723 Urbs
461 3669 586 3725 autem
609 3652 741 3736 Roma,
757 3649 1024 3748 augustissima
1039 3648 1184 3721 urbium
1204 3649 1499 3736 christianarum,

241 3769 412 3864 exposita
431 3788 488 3842 est
507 3789 544 3842 et
564 3787 667 3865 patet
685 3767 912 3864 quibuslibet
934 3766 1127 3840 Ecclesiae
1146 3767 1315 3841 hostibus
1335 3766 1389 3865 (⁴).
1411 3767 1428 3795 ’¹

248 3913 477 3922 ———-.--.....—.
814 3910 981 3916 ——..——

241 3964 361 4032 passive,
375 3962 422 4034 qui
436 3980 473 4018 ne
485 3964 607 4035 posslde
621 3964 648 4017 ni
663 3981 789 4032 moyens,
803 3963 830 4016 ni
845 3963 949 4030 champ
971 3962 1102 4030 d'action,
1111 3961 1259 4031 incapable
1273 3963 1309 4016 de
1328 3978 1359 4015 se
1372 3961 1503 4032 proteget

240 4041 399 4097 elle-meme
413 4053 440 4097 et
454 4044 526 4098 mise
540 4060 606 4098 sous
618 4045 644 4097 la
657 4043 834 4111 sauvegarde
845 4041 928 4094 d'une
944 4051 1024 4095 autre
1034 4041 1150 4110 royaute
1165 4041 1286 4108 vivante,
1300 4041 1369 4094 dont
1382 4041 1408 4094 le
1421 4041 1503 4096 trbne

239 4119 290 4174 sair
304 4120 365 4176 face
383 4138 419 4176 au
433 4122 502 4177 sien.
526 4124 654 4191 Royaute
668 4124 703 4177 de
723 4122 841 4188 the‘htre,
856 4121 903 4191 qui
925 4121 1051 4189 rappelle
1073 4121 1143 4174 celle
1162 4121 1212 4174 des
1233 4121 1341 4190 Rajahs
1353 4120 1390 4175 de
1402 4120 1503 4188 l¹lnde,

241 4200 412 4267 pensionnds
425 4219 477 4273 par
498 4202 539 4257 les
562 4203 702 4272 Anglais;
724 4212 810 4270 ayant
828 4200 965 4254 conserve
987 4200 1060 4253 leurs
1081 4199 1172 4269 palais
1192 4209 1219 4254 et
1241 4201 1316 4254 leurs
1336 4200 1449 4266 trEsors,
1469 4199 1503 4253 ils

240 4279 418 4348 s'imaginent
436 4282 573 4351 posseder
590 4283 615 4336 le
629 4281 754 4351 pouvoir,
769 4296 853 4350 parce
867 4279 948 4348 qu‘ils
959 4295 994 4331 en
1009 4288 1120 4347 portent
1134 4279 1175 4333 les
1190 4277 1314 4347 insignes
1329 4279 1447 4348 etqu'ils
1466 4294 1502 4333 en

240 4359 454 4414 recueillentles
467 4362 611 4416 honneurs
623 4373 651 4417 et
665 4363 706 4415 les
720 4361 826 4430 profits.
840 4359 854 4386 ’¹
868 4360 903 4427 (J.
919 4359 954 4412 D.
970 4359 1002 4412 F.
1015 4361 1050 4427 J.,
1064 4362 1106 4425 op.
1120 4360 1176 4426 cit,
1190 4375 1216 4427 p.
1235 4358 1286 4426 12.)

279 4452 299 4492 1.
321 4439 379 4492 Leo
392 4440 479 4507 XIII,
494 4441 584 4511 Epist.
599 4441 637 4495 ad
651 4440 734 4496 Card.
751 4439 911 4508 Rampolla,
928 4450 957 4507 15
971 4439 1035 4508 Jun.
1053 4438 1129 4504 1887.

275 4530 299 4570 2.
320 4517 411 4587 Epist.
429 4535 458 4573 12
475 4520 545 4576 Dec.
563 4520 639 4587 1870.

274 4610 298 4664 3.
319 4596 374 4651 Cfr.
388 4598 538 4667 epistolam
554 4601 664 4654 Lemmi
678 4600 753 4670 apud
767 4600 785 4654 't
799 4598 937 4666 Serclaes,
953 4598 992 4665 ll,
1007 4616 1033 4667 p.
1053 4611 1111 4665 121,

274 4689 300 4744 4
320 4677 437 4747 Encycl.
451 4679 520 4734 Etsi
530 4697 589 4746 nos,
604 4693 633 4750 ¹5
649 4680 732 4735 Febr.
747 4679 820 4733 1882.
