3496 5482
717 556 837 605 INDEX
866 554 1044 605 cautritur.
1437 563 1505 630 421

248 744 389 795 CAPUT
405 744 494 792 vili.
510 767 544 775 —
559 738 742 806 Quantopere
755 735 894 805 sacrilega
916 734 1050 805 spoliatio
1064 736 1092 791 S.
1107 734 1199 804 Sedis,
1214 736 1334 805 periere
1349 737 1421 793 inte·

317 844 398 896 grum
412 828 548 882 sacculum
562 837 713 895 protracta,
727 826 755 879 in
769 842 855 879 manu
869 838 956 879 sectae
969 826 1141 880 Massonicae
1152 826 1279 881 inserviit
1293 827 1330 882 ad
1344 845 1419 883 erro-

317 931 371 979 res,
385 914 505 969 crimina
515 926 543 968 et
554 913 671 983 injurias
681 914 833 981 omnigena
843 912 955 983 publice
965 914 1126 981 spargenda
1137 914 1165 967 in
1178 913 1193 940 “
1204 915 1419 971 subversionem

320 1000 920 1057 totiusordinisciviliumsocietatunt.''...
1461 1021 1509 1073 ¹73

368 1128 386 1161 1.
403 1116 500 1159 Factum
519 1114 670 1171 spoliationis
687 1114 826 1157 societatem
846 1112 951 1170 Europae
969 1113 1105 1169 praecipitat
1123 1114 1146 1158 in
1165 1114 1265 1159 minam.
1280 1138 1308 1147 -
1326 1128 1346 1159 2.
1363 1115 1390 1160 ln

256 1238 260 1243 ,
335 1194 388 1249 ipso
399 1192 551 1237 cumulantur
561 1193 687 1237 innumera
698 1192 768 1236 mala.
779 1216 808 1223 κ-
818 1206 838 1247 3.
850 1191 982 1247 Congcries
993 1204 1099 1236 errorum
1108 1192 1196 1249 quibus
1205 1192 1298 1237 laborat
1309 1202 1391 1239 nostra

336 1270 443 1315 societas.
457 1294 485 1301 -
504 1285 524 1324 4.
539 1268 656 1313 (ffumulus
674 1269 800 1313 criminum
811 1278 834 1313 et
852 1269 930 1326 primo
948 1269 1105 1325 saerilegium.
1128 1294 1157 1301 -
1176 1282 1197 1327 5.
1211 1270 1284 1323 Quod
1296 1284 1391 1315 excom-

336 1346 522 1389 municationem
541 1344 631 1388 inducit
650 1352 674 1387 et
692 1344 831 1387 auctoribus
853 1346 954 1389 minatur
973 1344 1101 1389 vindictam
1122 1345 1173 1389 Dei.
1190 1370 1217 1377 -
1234 1346 1255 1389 6.
1269 1346 1343 1390 :ltrox
1354 1356 1389 1392 est

335 1429 359 1464 et
378 1420 474 1475 publica
491 1420 613 1477 iniustitia.
630 1444 656 1451 -
677 1434 697 1474 7.
712 1422 812 1463 Summa
828 1419 983 1476 ingratitudo.
1002 1445 1031 1453 --
1052 1423 1072 1465 8.
1088 1420 1165 1465 Foda
1181 1434 1261 1465 eoram
1278 1422 1391 1466 omnibus

335 1496 473 1553 hypocrisis.
488 1520 515 1528 -
526 1509 547 1551 9.
563 1496 626 1539 Fons
637 1495 775 1552 injuriarum
793 1482 920 1540 multarum
940 1504 1015 1540 totam
1034 1496 1172 1541 societatem
1184 1496 1387 1543 labefactandum.

337 1597 364 1604 --
377 1586 410 1617 ro.
425 1572 524 1616 Factum
542 1573 681 1629 iujtuiosum
693 1572 770 1616 ordini
788 1572 886 1629 politico
904 1572 987 1617 ltaliae.
1005 1597 1034 1604 -
1055 1585 1087 1617 ιι.
1104 1572 1267 1617 latrocinium
1286 1574 1389 1618 inserens

334 1648 451 1693 offensuri
469 1648 613 1692 nationibus.
636 1672 663 1679 —
681 1662 714 1691 12.
738 1648 827 1703 iniuria
844 1648 867 1691 in
885 1647 990 1693 Ordines
1010 1648 1134 1705 religiosos
1153 1648 1186 1693 ob
1203 1650 1389 1694 destructionem

334 1724 461 1768 domorum
473 1723 649 1779 praeualidum.
663 1747 683 1755 -
700 1737 708 1765 t
713 1738 732 1781 3.
749 1723 838 1779 lnjuria
850 1724 873 1767 iu
886 1724 928 1767 δ’δ’.
943 1724 1157 1779 congregationes.
1178 1732 1203 1768 ut
1216 1738 1236 1769 ι’.
1254 1737 1277 1781 g.
1290 1726 1320 1769 dc.
1333 1725 1388 1770 Pro·

336 1800 449 1856 paganda
467 1798 513 1843 tide
531 1808 594 1842 --et
612 1799 659 1843 alia
677 1812 770 1855 prorum
788 1812 894 1855 operum.
910 1824 937 1830 -
960 1812 992 1853 14.
1007 1799 1103 1843 t'rimen
1113 1799 1242 1856 juridicum
1257 1810 1292 1845 est
1312 1801 1388 1845 codex

334 1875 436 1931 putastis
447 1876 563 1919 adversus
574 1875 670 1918 i'lemm
682 1876 837 1931 approbatus.
857 1900 885 1905 --
899 1888 931 1931 ¹5·
948 1874 1124 1931 llteapitttlatio
1135 1874 1238 1920 influxus
1255 1876 1325 1932 liujus
1337 1890 1388 1933 pes·

333 1949 386 1994 situi
397 1964 401 1993 :
411 1959 447 1994 cst
458 1959 552 1994 tantum
564 1950 655 1994 initium
668 1950 793 1995 malorum.

245 2087 385 2139 CAPUT
401 2090 458 2138 lx.
474 2114 509 2122 -
525 2083 729 2139 Lamentabilis
752 2083 805 2138 iste
818 2094 936 2138 eventus
950 2084 978 2138 in
992 2084 1090 2153 primis
1112 2083 1235 2139 maxime
1248 2084 1316 2141 savit
1329 2088 1415 2139 socio-

315 2172 396 2225 lismt'
406 2172 548 2225 erroribus
561 2183 589 2226 et
604 2172 681 2225 fatali
704 2174 906 2225 coiitmunrlrmo
925 2172 1034 2225 aditum
1048 2172 1166 2242 aperuit,
1188 2172 1313 2227 scilicet:
1329 2173 1415 2243 inspi-

315 2261 404 2313 rando
417 2262 513 2315 odium
528 2262 556 2314 in
573 2260 758 2331 Religionem,
773 2260 800 2314 in
817 2261 1027 2330 proprietatem,
1042 2260 1069 2313 in
1089 2260 1286 2315 auctoritatem
1300 2278 1416 2315 omnem

314 2348 564 2418 atquenutriendo
1456 2352 1504 2417 196

364 2474 381 2505 ι.
396 2462 522 2505 Surnnutm
534 2461 660 2506 discrimen
680 2461 763 2519 inquo
783 2470 889 2505 versatur
906 2461 1021 2505 Societas.
1035 2484 1064 2492 -
1078 2474 1099 2505 a.
1113 2462 1239 2505 tienuimrs
1256 2461 1351 2506 iniimus
1361 2470 1384 2505 et

330 2538 428 2595 spiritus
439 2539 516 2583 titulis
526 2539 653 2583 socialismi
665 2548 701 2583 est
714 2537 797 2594 triplex
809 2538 898 2581 odium.
914 2562 942 2568 --
953 2550 975 2593 3.
987 2537 1093 2581 lit-cutus
1102 2537 1252 2593 spoliationis
1264 2537 1320 2581 iavit
1331 2538 1384 2581 adio

330 2616 357 2659 itt
370 2616 517 2671 Religionum
528 2617 612 2660 diruam
624 2618 740 2660 lta-laria.
756 2642 783 2648 -
794 2632 814 2671 4.
831 2616 896 2661 Facit
904 2616 958 2659 otilo
969 2616 1064 2671 t'ujuru
1073 2616 1235 2673 pnpirr'rtalir.
1250 2642 1278 2649 ---
1289 2630 1310 2674 5.
1324 2618 1381 2662 'scs-

331 2701 412 2739 tamur
423 2696 468 2739 lroc
479 2696 520 2739 riri
533 2696 610 2749 periti.
625 2722 652 2727 --
663 2708 683 2739 o.
699 2696 770 2751 Str-pe
782 2696 872 2752 saepius
882 2696 1007 2738 admonuit
1021 2694 1137 2739 l'outiieu.
1152 2719 1179 2725 -
1190 2709 1211 2750 7.
1228 2694 1319 2738 Ultima
1331 2710 1381 2739 mo-

331 2771 386 2816 uita.
440 2772 461 2813 8.
477 2772 615 2815 llomiuium
627 2774 650 2815 S.
664 2772 734 2815 Sotiis
750 2782 785 2815 est
798 2770 967 2828 patrimonium
986 2780 1009 2815 et
1022 2770 1103 2827 nequit
1115 2769 1195 2813 violari
1207 2770 1264 2826 quin
1276 2780 1328 2814 ruat
1344 2772 1383 2827 jus

331 2848 489 2902 proprietatis.
509 2872 527 2879 --
539 2862 559 2903 p.
574 2846 641 2891 Facit
649 2847 701 2889 odia
713 2847 739 2890 in
751 2847 925 2890 alictaritatcm.
954 2870 966 2877 -
979 2860 1010 2889 ιο,
1024 2845 1103 2901 llujus
1114 2846 1264 2891 immediatas
1273 2858 1295 2890 ct
1305 2848 1383 2892 tristes

330 2924 439 2980 sequelas
449 2926 496 2979 jam
508 2926 642 2981 experimur
654 2939 659 2968 ι
670 2926 774 2981 agitatur
782 2924 885 2967 streletas
897 2923 992 2979 niagnis
1004 2923 1115 2967 febribus.
1131 2948 1159 2954 —
1172 2938 1205 2967 rr.
1221 2923 1347 2969 liutollitur
1357 2934 1380 2968 et

329 3004 352 3047 in
365 3006 456 3060 praxim
468 3005 594 3050 tle-ducitur
608 3006 749 3061 principium
766 3005 895 3060 pessimum
914 3004 1103 3047 rnrli'amrlt'nrtir.
1123 3029 1152 3035 --
1171 3019 1204 3049 12.
1218 2992 1348 3050 ‹ton'etmio
1358 3017 1382 3051 ct

328 3080 399 3123 verba
413 3079 532 3125 l’ontiticis
543 3095 548 3125 :
560 3082 583 3124 in
595 3082 658 3125 diem
670 3089 776 3125 crescent
790 3082 853 3124 mala
865 3080 909 3123 nisi
921 3080 1063 3123 restauratio
1075 3080 1121 3123 frat.

239 3218 379 3267 CAPUT
394 3220 434 3268 Χ.
446 3244 479 3253 -
493 3214 659 3268 l'erduratio
672 3214 806 3267 facinoris
821 3214 847 3267 in
862 3212 1027 3267 detentione
1039 3214 1147 3281 Roma,
1161 3225 1188 3268 et
1200 3215 1326 3269 conditio
1338 3216 1408 3269 iuto-

311 3304 433 3358 lerabilis
448 3306 475 3359 S.
493 3304 646 3369 t‘onducis,
660 3315 824 3359 constanter
843 3303 1067 3374 inquietudinem
1082 3304 1248 3371 populorum
1264 3304 1368 3369 fovent,
1381 3316 1408 3360 et

311 3410 421 3448 summe
434 3394 601 3463 perniciosa·
614 3406 678 3447 sunt
692 3394 830 3459 societati,
845 3410 899 3447 non
915 3394 979 3446 dico
996 3392 1132 3446 Ecclesiae
1146 3394 1247 3461 soluin,
1261 3394 1311 3448 sed
1322 3396 1409 3449 totius

310 3481 767 3551 Europa,tmoipstusltalia...
1446 3486 1498 3537 216

357 3612 375 3641 r.
389 3596 517 3640 Restitutio
526 3596 633 3652 pristina:
640 3596 756 3640 liin-rudis
767 3595 923 3639 liceto-,tm
933 3594 1040 3637 conditio
1048 3593 1098 3638 sine
1106 3606 1154 3649 qua
1163 3607 1209 3637 uon
1218 3594 1379 3639 datoretiieax

325 3674 456 3717 remedium
468 3672 535 3715 rualis
547 3670 697 3719 societatum,
711 3696 739 3701 ---
755 3685 774 3713 2.
791 3670 896 3713 lta-cletta
915 3670 993 3725 primo
1004 3668 1163 3724 inquietudini
1174 3670 1256 3712 dedita
1267 3670 1300 3713 ob
1310 3670 1379 3715 intol-

325 3748 445 3792 lerabilem
457 3748 618 3791 situationcm.
641 3772 657 3777 -
669 3746 695 3790 ld
705 3756 823 3791 testantur
837 3746 970 3790 l'ontitices„
1002 3770 1009 3775 -
1018 3758 1037 3801 3.
1053 3744 1080 3787 ld
1088 3753 1206 3789 testantur
1215 3745 1277 3789 varia
1287 3746 1377 3790 iucom-

325 3824 404 3868 moda.
419 3848 447 3855 --
465 3836 487 3877 4.
507 3822 604 3877 lz'mopa
622 3822 732 3865 rtuiversa
743 3820 834 3865 diliidct
845 3834 860 3864 a
871 3821 963 3873 legilms
976 3820 1122 3863 Cautiouum
1140 3833 1196 3875 rprat
1209 3819 1298 3864 nullam
1319 3822 1378 3865 dant

324 3900 474 3943 securitatem
487 3922 514 3929 -
526 3912 569 3941 ucc
580 3898 724 3941 soliditatem
734 3897 822 3941 haltcnt
835 3898 897 3953 pacti
907 3895 1101 3939 internatioualis.
1114 3919 1142 3927 —
1151 3908 1172 3951 5.
1185 3895 1248 3937 idem
1262 3902 1378 3940 testantur

324 3976 388 4019 dicta
402 3974 573 4017 l'outilicumct
585 3975 686 4017 virorum
698 3972 907 4029 diplmuaticorum
918 3980 942 4015 et
955 3970 1053 4015 Lcumri.
1070 3996 1096 4002 --
1107 3971 1129 4014 6.
1142 3970 1218 4013 ltalia
1230 3972 1281 4027 ipsa
1297 3972 1320 4015 iu
1333 3974 1378 4015 rui·

325 4064 380 4094 uatu
392 4050 503 4094 socialem
516 4050 605 4105 proruit
618 4050 712 4104 pertitus
762 4057 785 4092 ct
796 4048 819 4091 iu
833 4048 915 4103 primis
927 4048 1004 4091 Roma
1015 4061 1042 4089 ex
1055 4046 1134 4089 multis
1147 4046 1255 4091 motivis:
1270 4052 1285 4069 '⁴
1300 4046 1377 4091 Roma

323 4125 433 4181 capitale.
449 4126 525 4169 Roma
537 4125 614 4169 ittalc.
629 4125 641 4138 ''
653 4150 679 4155 --
690 4138 711 4178 7.
726 4124 837 4181 'lotaque
856 4124 924 4168 ltalia
935 4123 958 4167 iu
970 4124 1090 4167 interitum
1109 4122 1191 4177 vergit.
1207 4148 1233 4154 -
1245 4123 1265 4165 8.
1282 4123 1377 4179 Rapina

324 4215 372 4245 non
385 4201 479 4255 proluit.
505 4224 522 4231 -
533 4214 553 4245 o.
570 4206 586 4221 ‘¹
596 4200 634 4243 Nl
643 4200 744 4247 cletta-i.
760 4202 788 4243 aa*
799 4202 869 4243 fletu.
882 4200 893 4211 ''
906 4224 933 4230 --
951 4212 982 4241 ro.
997 4198 1108 4254 (injectio
1119 4212 1146 4241 ea
1160 4198 1283 4254 praestigio
1294 4200 1377 4243 morali

326 4276 480 4321 l'ontiticntus
491 4276 606 4319 inalierni.
621 4300 649 4307 —
660 4276 795 4331 ‚appe-ndis.
