3496 5482
246 534 318 625 278
653 552 745 602 mm
772 551 832 602 s11
861 553 936 602 nax
969 548 1096 604 noun.

290 658 363 665 ...ψ-
413 658 429 664 ο
545 657 597 663 ----
759 657 817 662 .—..
839 658 859 663 -
928 659 956 663 -.-
967 659 1052 665 —.-
1066 658 1138 665 ..—-
1151 658 1157 662 ..
1179 658 1185 663 .
1233 658 1385 664 --——-.-—-
1395 656 1494 664 *—

243 713 458 789 Translatio
479 713 639 786 Romam
658 711 887 810 legationum
916 713 1016 810 apud
1051 715 1196 812 Regem
1219 712 1336 787 ltaliae
1354 739 1429 788 non
1448 731 1509 789 est

243 833 385 933 agnitio
411 831 558 932 publica
577 831 788 931 rejectionis
811 831 1043 928 Principatus
1065 829 1220 929 Papalis.

297 953 449 1028 Etenim
469 950 526 1052 (1)
545 952 715 1026 nationes
736 951 901 1049 Europae
930 968 1058 1048 aperte
1082 948 1362 1025 declaraverunt
1387 975 1507 1025 reser·
1604 944 1609 953 ’

244 1088 368 1146 vatam
406 1095 560 1145 manere
591 1070 836 1168 quaestionem
876 1070 1097 1155 Romanam,
1128 1068 1229 1166 quod
1268 1092 1505 1166 nequaquam

243 1186 526 1263 declaraverunt
549 1186 597 1262 de
622 1211 739 1286 regno
774 1186 1038 1284 Neapolitano,
1071 1210 1193 1283 neque
1229 1187 1277 1259 de
1308 1185 1506 1260 ducatibus

247 1303 435 1390 Modenae,
460 1305 603 1378 Parmae
623 1303 681 1378 vel
703 1304 874 1378 Etruriae.

295 1419 352 1522 (2)
372 1422 525 1497 Tenent
555 1448 704 1519 semper
735 1421 880 1520 legatos
909 1448 997 1496 suos
1028 1421 1371 1519 plenipotentiarios
1402 1422 1505 1518 apud

247 1541 459 1615 Romanum
482 1539 700 1616 Pontificem
721 1558 898 1637 tanquam
918 1540 1018 1636 apud
1053 1540 1199 1638 Regem
1227 1565 1367 1627 verum,
1398 1540 1504 1614 terri·

244 1659 379 1732 torium
400 1658 716 1756 independentem
735 1657 856 1731 adhuc
873 1658 1104 1744 retinentem,
1125 1682 1168 1750 14
1182 1656 1240 1732 vel
1261 1680 1302 1752 15
1319 1658 1501 1732 nationes.

295 1773 351 1875 (3)
374 1777 450 1872 Ipsi
473 1779 599 1875 Reges
618 1776 819 1850 admittunt
850 1775 1201 1873 Nuntios-Legatos
1227 1775 1265 1851 S.
1288 1775 1414 1861 Sedis;
1438 1776 1504 1873 jus

242 1913 367 1969 autem
401 1895 572 1968 mittendi
605 1893 747 1993 legatos
776 1918 850 1967 non
882 1894 1054 1991 pertinet,
1089 1893 1294 1967 secundum
1322 1892 1504 1991 principia

235 2011 330 2111 juris
349 2012 528 2110 gentium,
548 2011 617 2084 nisi
646 2011 693 2084 ad
713 2011 813 2085 solos
833 2011 925 2084 istos
949 2011 1141 2107 Principes
1161 2011 1224 2107 qui
1243 2036 1418 2107 suprema
1437 2035 1503 2108 po-

245 2147 380 2205 testate
399 2146 437 2204 et
455 2128 618 2226 perlecta
636 2129 827 2228 gaudeant
845 2128 1146 2226 independentia,
1169 2128 1322 2202 minime
1343 2153 1434 2203 vero
1453 2129 1504 2203 ad

247 2272 354 2347 reges
372 2248 607 2323 subalternos
626 2267 663 2322 et
683 2248 905 2324 tributarios.

298 2363 354 2465 (4)
378 2366 459 2441 lmo
481 2366 614 2441 Nuntii
634 2367 671 2439 in
691 2367 791 2439 omni
822 2367 857 2441 in
887 2393 960 2464 qua
991 2364 1238 2439 admittuntur
1264 2365 1358 2452 aula,
1387 2390 1504 2463 praee·

246 2486 426 2561 minentia
443 2486 610 2585 gaudent
628 2505 847 2583 ceterosque
866 2486 1009 2584 legatos
1029 2486 1254 2583 praecedunt.

296 2601 352 2704 (5)
373 2605 545 2679 Tandem
567 2606 740 2679 Romano
758 2604 926 2678 Pontifici
943 2602 1070 2678 titulus
1087 2604 1146 2678 ille
1161 2604 1333 2679 tribuitur
1350 2602 1398 2678 ab
1412 2602 1503 2700 ipsis

248 2722 491 2819 Principibus,
512 2723 575 2820 qui
594 2748 668 2796 non
689 2723 758 2796 nisi
781 2722 949 2821 Regibus
968 2721 1047 2795 dari
1066 2720 1161 2796 solet
1180 2719 1194 2821 (
1211 2718 1234 2819 ).
1317 2748 1322 2757 ·

299 2841 401 2915 Inter
419 2839 510 2913 alios
541 2864 691 2914 sensum
725 2841 893 2915 intimum
913 2839 1084 2939 gubernii
1105 2839 1292 2914 Austriaci
1307 2839 1357 2913 ita
1372 2838 1503 2936 pandit

243 2982 369 3031 comes
388 2956 575 3054 Kalnoky,
596 2957 834 3032 cancellarius
858 2957 1031 3053 Imperii:

297 3086 317 3115 ‘⁸
337 3075 570 3149 Gubernium
600 3076 719 3172 ipsum
751 3076 939 3150 desiderat
971 3092 1010 3150 ut
1042 3077 1289 3151 Beatissimus
1319 3076 1429 3152 Pater
1457 3103 1504 3152 ea

245 3192 356 3290 plena
373 3193 536 3292 gaudeat
556 3192 726 3268 libertate
752 3213 790 3268 et
809 3194 1101 3292 independentia
1119 3220 1204 3292 quae
1219 3195 1426 3269 necessaria
1445 3212 1503 3269 est

244 3313 355 3409 capiti
370 3338 546 3410 supremo
569 3313 758 3399 Ecclesiae,
780 3334 817 3388 et
836 3341 919 3412 quae
938 3314 1139 3389 satisfaciat
1161 3314 1317 3411 Papatui
1332 3332 1368 3388 et
1390 3314 1503 3410 Papae

246 3431 315 3528 vsi
335 3430 389 3531 n
412 3431 428 3457 ’·

298 3547 373 3621 Sed
393 3566 431 3621 et
449 3547 605 3622 alterum
624 3549 819 3623 audiamus
838 3548 1096 3625 cancelarium.
1114 3550 1241 3645 Quum
1261 3548 1423 3646 quadam
1441 3549 1504 3624 die

244 3666 436 3739 dicebatur
457 3666 616 3763 Principi
631 3667 678 3740 de
701 3667 917 3742 Bismarck:
939 3679 959 3708 ‘⁴
979 3668 1116 3742 Coram
1136 3687 1173 3741 te
1193 3691 1266 3740 non
1287 3666 1371 3740 licet
1393 3666 1503 3742 nobis

246 3783 345 3882 loqui
366 3784 412 3857 de
433 3785 663 3858 restituenda
684 3788 805 3861 Roma
825 3787 974 3860 Sanctae
994 3786 1095 3871 Sedi,
1124 3785 1211 3882 quia
1241 3809 1307 3881 per
1332 3802 1502 3859 recentes

245 3902 515 3974 conventiones
528 3903 728 3998 promisisti
748 3903 863 3978 ltaliae
880 3903 1131 4000 integritatem
1144 3901 1318 3975 territorii
1333 3901 1405 3988 sui;
1419 3901 1437 3928 ’'
1450 3945 1502 3958 —

245 4018 371 4092 statim
392 4020 583 4114 respondit
603 4020 704 4116 ipse:
723 4031 742 4061 “
760 4022 1018 4120 Integritatem
1033 4020 1160 4116 utique
1182 4019 1305 4116 Regni
1321 4017 1435 4093 relate
1452 4019 1501 4093 ad

244 4146 453 4210 extraneos.
475 4136 551 4209 Sed
583 4136 653 4210 hoc
684 4138 836 4211 minime
868 4138 1023 4235 impedit
1050 4137 1324 4211 restitutionem
1344 4135 1502 4210 Summo

245 4303 473 4311 --—--..-..-

282 4392 302 4433 1.
324 4379 393 4431 Voir
406 4380 432 4432 la
446 4379 528 4431 lettre
548 4377 584 4432 de
607 4378 772 4449 l’empereur
792 4382 952 4435 Guillaume
971 4398 1007 4435 au
1028 4382 1112 4449 Pape,
1126 4379 1173 4450 qui
1187 4389 1267 4450 porte
1280 4381 1305 4434 le
1318 4379 1444 4448 predicat
1464 4380 1501 4435 de

242 4457 259 4487 ‘¹
274 4458 344 4512 Sire.
358 4459 371 4485 '’
383 4487 413 4496 —
432 4456 551 4525 D’aprts
572 4458 613 4511 les
634 4458 804 4527 reglements
825 4461 875 4515 des
894 4460 992 4515 traites
1011 4459 1047 4514 de
1060 4459 1171 4515 Vienne
1184 4471 1212 4513 et
1226 4458 1501 4528 d’Aix-la·Chapelle

243 4537 428 4607 (1815-1818),
441 4536 482 4591 les
495 4552 603 4591 nonces
616 4537 688 4592 dans
700 4539 740 4594 les
753 4556 836 4594 cours
849 4539 1025 4610 catholiques
1038 4549 1087 4594 ont
1101 4540 1127 4594 le
1140 4556 1192 4609 pas
1206 4556 1254 4593 sur
1265 4538 1307 4593 les
1327 4547 1421 4593 autres
1439 4554 1499 4593 am·

243 4616 424 4673 bassadeurs.

280 4711 305 4752 2.
325 4697 370 4750 De
383 4694 555 4763 T'Serclaes,
568 4695 589 4750 l.
604 4713 636 4763 c.,
651 4713 676 4766 p.
691 4711 750 4765 213.
