3496 5482
252 459 680 473 ———-—-—-—

238 504 312 590 406
718 520 1019 574 surnanvansro.

256 628 418 637 ———
425 629 764 638 ----—-.------—.·—--—
1233 634 1323 641 ——

284 688 349 753 111.
369 688 484 754 Fines
508 689 805 755 uccrnsnsrrcr.
833 689 977 755 Videtur
1002 708 1075 754 esse
1098 689 1131 754 in
1156 691 1262 774 gradu
1287 692 1506 777 aliquatenus

243 790 389 856 interiori
404 815 411 870 ;
426 812 502 856 nam
521 801 557 857 ut
573 794 700 877 optime
716 793 830 858 scribit
844 793 977 871 Hiirter,
989 792 1007 856 l.
1018 812 1046 859 c.
1059 807 1077 862 ‹
1089 795 1214 859 Praeter
1230 792 1330 861 fidem
1346 797 1505 862 diuinam

239 906 273 962 et
290 899 479 964 catholicam
503 900 684 985 loquuntur
699 900 846 984 theologi
862 901 962 965 etiam
980 900 1122 965 subinde
1136 901 1180 966 de
1194 899 1267 985 fide
1280 903 1506 982 ecclesiastica,

239 1021 317 1084 quae
333 1005 485 1070 innititur
502 1005 692 1086 insar'llibili
704 1004 894 1071 auctoritati
915 1005 1071 1084 Ecclesia,
1087 1024 1126 1069 ac
1152 1025 1213 1089 pro
1237 1005 1371 1088 objecto
1395 1008 1504 1073 habet

240 1105 297 1171 illa
309 1108 468 1175 Ecclesiae
481 1109 615 1193 judicia,
631 1131 706 1195 quae
722 1121 893 1176 versantur
909 1132 972 1175 narr
987 1111 1071 1177 circa
1087 1110 1240 1176 ueritates
1256 1112 1424 1192 revelatas,
1439 1115 1502 1178 sed

241 1209 328 1274 circa
344 1230 384 1275 ea
400 1232 475 1295 quae
491 1223 568 1279 sunt
582 1234 655 1278 cum
671 1215 862 1279 revelatione
872 1235 1019 1290 connexa,
1030 1234 1069 1278 ac
1082 1222 1257 1298 propterea
1273 1215 1504 1283 ecclesiastico

241 1319 439 1401 magisterio
458 1319 616 1385 obnoxia.
635 1321 720 1386 Haec
745 1320 827 1385 fides
852 1320 974 1385 dicitur
1000 1319 1139 1384 mediate
1161 1320 1284 1399 divina,
1306 1323 1384 1406 quia
1411 1323 1504 1388 illius

240 1439 400 1486 assensus
416 1423 568 1491 innititur
584 1424 773 1508 insaillibr'li
788 1424 947 1490 Ecclesiae
961 1424 1160 1503 auctoritati,
1175 1444 1275 1508 quam
1293 1423 1358 1491 fide
1384 1426 1504 1492 divina

241 1533 274 1588 et
294 1526 449 1593 catlrolr'ca
463 1531 637 1596 credimus.
649 1531 666 1558 '’
682 1570 725 1581 —
741 1529 948 1613 Hujusmodi
964 1533 1147 1611 suntsocta
1161 1527 1352 1612 dogmatica.

290 1630 438 1715 Quidam
461 1645 573 1701 tamen
594 1636 742 1718 theologi
758 1635 844 1699 hanc
860 1633 1129 1718 terminologiam
1146 1644 1317 1719 respuunt,
1331 1644 1365 1701 et
1380 1636 1502 1703 dicunt

246 1754 349 1802 unum
366 1739 523 1825 idemque
538 1762 609 1806 esse
624 1740 741 1824 deficio
754 1739 980 1804 Ecclesiastico
995 1747 1029 1802 et
1034 1738 1123 1823 fidei
1131 1739 1325 1822 proximum.

285 1839 465 1910 Conclusio
480 1866 560 1928 ergo
576 1844 813 1929 compendiosa
830 1844 1015 1909 dictorum:

287 1945 317 2009 Α
323 1949 341 2026 )
358 1947 553 2017 Pmnn‘rus
569 1949 715 2015 Romani
728 1946 897 2013 Pontificis
907 1966 1006 2030 super
1017 1945 1205 2012 universam
1219 1947 1416 2028 Ecclesiam,
1425 1949 1502 2035 (qui

246 2051 408 2131 primatus
424 2053 678 2119 tundamentum
696 2063 747 2118 est
763 2052 983 2117 immunitatis
999 2059 1032 2115 et
1044 2051 1253 2134 Principatus
1264 2052 1503 2140 civilisPapae)

245 2163 297 2220 est
312 2156 433 2223 veritas
455 2160 499 2224 de
522 2158 588 2223 lide
604 2155 906 2234 divinanarum,
922 2155 1085 2239 definita;
1106 2154 1162 2239 qui
1189 2174 1263 2220 eam
1286 2155 1503 2239 pertinaciter

246 2271 393 2341 negaret,
408 2272 496 2328 esset
510 2263 699 2340 anathema,
715 2282 772 2326 seu
789 2260 972 2326 haereticus.
986 2259 1114 2342 (Supra
1129 2278 1203 2343 pag.
1217 2259 1281 2341 25.)

287 2365 338 2445 B)
351 2365 420 2449 Jus
432 2369 597 2433 Primatus
614 2365 773 2432 Ecclesiae
785 2366 826 2430 ad
842 2378 1119 2430 mnuuruncnn
1136 2365 1502 2441 constantinense

245 2477 297 2534 est
311 2472 478 2537 credenda
494 2494 559 2538 non
577 2472 642 2538 fide
658 2473 813 2550 humana,
829 2472 887 2536 sed
903 2470 1045 2548 dior‘na;
1060 2469 1382 2554 adfidem·pertinel,
1397 2481 1503 2556 atque

241 2576 285 2640 de
312 2574 377 2642 lide
397 2578 564 2662 definibili,
591 2597 656 2642 non
685 2576 794 2643 adhuc
820 2574 967 2641 definita.
994 2573 1061 2658 Qui
1086 2575 1167 2639 illud
1195 2572 1251 2658 jus
1277 2575 1503 2642 immunitatis

245 2681 345 2764 Papae
360 2683 551 2767 denegaret,
568 2704 633 2748 non
656 2692 743 2748 esset
759 2683 895 2766 quidem
912 2681 1087 2746 haereticus
1104 2680 1252 2746 formalis
1266 2701 1274 2762 ;
1300 2682 1358 2746 sed
1376 2692 1503 2748 erraret

244 2787 275 2851 in
295 2785 369 2867 fide,
385 2798 627 2873 peccatumque
642 2788 866 2853 committeret
882 2796 998 2851 contra
1016 2784 1116 2850 fidem
1133 2784 1328 2867 simpliciter
1342 2785 1504 2865 divinam,

244 2914 305 2957 noa
323 2905 440 2960 contra
457 2894 558 2959 fidem
570 2894 768 2973 catholicam,
783 2893 962 2976 definitam.
978 2890 1103 2973 (Supra
1119 2910 1194 2974 pag.
1211 2890 1277 2972 26.)

290 2997 334 3080 C)
351 3000 577 3064 Nscassrms
593 3012 751 3063 nornun
767 3009 1002 3061 nnrrronnnrs
1020 2994 1053 3060 S.
1065 2994 1210 3070 Sedis,tn
1223 2994 1379 3077 prasenti
1391 3015 1501 3061 rerum

241 3104 366 3182 ordine,
381 3104 502 3169 veritas
527 3113 579 3168 est
599 3103 768 3168 credenda
793 3101 836 3166 de
851 3101 925 3185 fide
949 3099 1168 3174 ecclesiastica,
1194 3117 1270 3163 curn
1298 3099 1503 3164 revelatione

241 3225 405 3284 connexa,
420 3216 538 3290 utpote
553 3208 654 3272 docta
680 3228 700 3271 a
726 3205 875 3272 Summis
893 3200 1111 3268 Pontificibus
1128 3211 1161 3266 et
1183 3204 1338 3266 universo
1362 3202 1501 3288 Episco-

242 3320 323 3393 patu
339 3310 512 3376 catholico.
523 3349 565 3362 —
578 3311 644 3395 Qui
661 3311 746 3375 hanc
770 3309 1002 3398 necessitatem
1020 3316 1166 3389 negaret,
1182 3326 1249 3371 non
1267 3316 1354 3372 esset
1370 3307 1503 3373 haereti·

242 3434 309 3492 cus,
335 3436 443 3499 neque
465 3416 617 3481 haeresim
642 3424 781 3498 saperet,
804 3414 863 3479 sed
889 3422 976 3477 esset
1004 3409 1123 3474 infide
1147 3412 1352 3491 temerarius,
1369 3412 1502 3495 impius,

243 3518 350 3584 malus
368 3519 526 3585 Ecclesiae
543 3519 637 3598 filius,
653 3519 886 3585 contradicens
898 3516 999 3581 Matri
1010 3535 1079 3580 suae
1091 3515 1226 3581 docenti
1240 3537 1248 3595 ;
1261 3514 1399 3599 ejusque
1416 3513 1502 3581 fides

242 3621 314 3705 ipsa
330 3623 363 3688 in
381 3623 651 3690 infallibilitatem
670 3623 831 3688 Ecclesiae
846 3621 1093 3686 seriusociusve
1104 3620 1251 3702 periculo
1267 3629 1503 3704 exponeretur.

242 3726 368 3812 (Supra
384 3750 458 3813 pag.
473 3731 597 3813 62-63.)

290 3832 424 3898 Dantur
448 3844 481 3900 et
508 3834 582 3899 aliae
610 3842 700 3900 notae
724 3834 931 3917 theologicae,
952 3840 1051 3916 prout
1079 3831 1173 3910 ratio,
1200 3831 1404 3915 praelucente
1428 3829 1504 3911 fide,

244 3935 413 4002 doctrinas
437 3959 513 4004 suas
539 3938 623 4003 eruit
650 3947 684 4003 et
710 3937 857 4022 prolert;
885 3937 1091 4020 proindeque
1118 3957 1175 4000 eas
1202 3935 1284 4002 dicit
1308 3935 1504 4020 simpliciter

242 4051 353 4119 certos,
369 4077 411 4090 —
425 4065 615 4123 communes,
638 4044 657 4110 i.
673 4065 699 4111 e.
717 4045 810 4127 quasi
824 4043 899 4126 jure
926 4041 1096 4106 communi
1121 4041 1265 4106 civitatis
1292 4061 1349 4106 seu
1378 4041 1503 4106 scholae

247 4149 443 4228 gaudentes,
459 4160 492 4215 et
510 4152 647 4215 minime
663 4151 859 4235 singulares,
875 4183 918 4194 -
929 4148 1110 4232 probabiles
1125 4148 1176 4213 vel
1184 4147 1426 4231 probabiliores.

288 4252 355 4318 Sed
372 4254 515 4319 dehisce
532 4254 612 4320 nihil
627 4255 806 4320 dicendum
824 4263 927 4321 restat
944 4255 976 4317 in
994 4253 1056 4318 hac
1073 4252 1372 4319 animadversione.
