<?xml version="1.0" encoding="UTF-8"?>
<!DOCTYPE html PUBLIC "-//W3C//DTD XHTML 1.0 Transitional//EN"
    "http://www.w3.org/TR/xhtml1/DTD/xhtml1-transitional.dtd">
<html xmlns="http://www.w3.org/1999/xhtml" xml:lang="en" lang="en">
 <head>
  <title>
</title>
<meta http-equiv="Content-Type" content="text/html;charset=utf-8" />
  <meta name='ocr-system' content='tesseract 3.04.00' />
  <meta name='ocr-capabilities' content='ocr_page ocr_carea ocr_par ocr_line ocrx_word'/>
</head>
<body>
  <div class='ocr_page' id='page_1' title='image "./papasitrexromae00godtgoog/papasitrexromae00godtgoog_0095.png"; bbox 0 0 3496 5482; ppageno 0'>
   <div class='ocr_carea' id='block_1_1' title="bbox 1047 474 1581 482">
    <p class='ocr_par' dir='ltr' id='par_1_1' title="bbox 1047 474 1581 482">
     <span class='ocr_line' id='line_1_1' title="bbox 1047 474 1581 482; baseline 0.009 -3"><span class='ocrx_word' id='word_1_1' title='bbox 1047 474 1581 482; x_wconf 50' lang='lat' dir='ltr'>...um--</span> 
     </span>
    </p>
   </div>
   <div class='ocr_carea' id='block_1_2' title="bbox 323 516 1280 607">
    <p class='ocr_par' dir='ltr' id='par_1_2' title="bbox 323 516 1280 607">
     <span class='ocr_line' id='line_1_2' title="bbox 323 516 1280 607; baseline -0.004 -21"><span class='ocrx_word' id='word_1_2' title='bbox 323 516 371 606; x_wconf 90' lang='lat'>84</span> <span class='ocrx_word' id='word_1_3' title='bbox 737 534 829 582; x_wconf 77' lang='lat' dir='ltr'>Pnnn</span> <span class='ocrx_word' id='word_1_4' title='bbox 859 534 918 587; x_wconf 79' lang='lat' dir='ltr'>srn</span> <span class='ocrx_word' id='word_1_5' title='bbox 946 534 1021 583; x_wconf 76' lang='lat' dir='ltr'>nux</span> <span class='ocrx_word' id='word_1_6' title='bbox 1053 535 1177 584; x_wconf 60' lang='lat' dir='ltr'>nonni.</span> <span class='ocrx_word' id='word_1_7' title='bbox 1276 597 1280 607; x_wconf 36' lang='lat'>‚</span> 
     </span>
    </p>
   </div>
   <div class='ocr_carea' id='block_1_3' title="bbox 1388 638 1583 648">
    <p class='ocr_par' dir='ltr' id='par_1_3' title="bbox 1388 638 1583 648">
     <span class='ocr_line' id='line_1_3' title="bbox 1388 638 1583 648; baseline 0 0"><span class='ocrx_word' id='word_1_8' title='bbox 1388 638 1583 648; x_wconf 55' lang='lat' dir='ltr'><strong>ae-‘—-—-</strong></span> 
     </span>
    </p>
   </div>
   <div class='ocr_carea' id='block_1_4' title="bbox 321 696 1589 2337">
    <p class='ocr_par' dir='ltr' id='par_1_4' title="bbox 321 696 1585 1152">
     <span class='ocr_line' id='line_1_4' title="bbox 321 696 1582 796; baseline 0 -26"><span class='ocrx_word' id='word_1_9' title='bbox 321 696 400 770; x_wconf 91' lang='lat' dir='ltr'>losa</span> <span class='ocrx_word' id='word_1_10' title='bbox 430 696 573 794; x_wconf 83' lang='lat' dir='ltr'>primae</span> <span class='ocrx_word' id='word_1_11' title='bbox 591 696 725 772; x_wconf 91' lang='lat' dir='ltr'>aetatis</span> <span class='ocrx_word' id='word_1_12' title='bbox 754 696 980 782; x_wconf 91' lang='lat' dir='ltr'>discrimina,</span> <span class='ocrx_word' id='word_1_13' title='bbox 1006 697 1126 772; x_wconf 89' lang='lat' dir='ltr'>civilis</span> <span class='ocrx_word' id='word_1_14' title='bbox 1144 698 1377 796; x_wconf 91' lang='lat' dir='ltr'>Principatus</span> <span class='ocrx_word' id='word_1_15' title='bbox 1400 699 1582 772; x_wconf 75' lang='lat' dir='ltr'>Romanae</span> 
     </span>
     <span class='ocr_line' id='line_1_5' title="bbox 324 812 1585 913; baseline 0.001 -26"><span class='ocrx_word' id='word_1_16' title='bbox 324 812 505 889; x_wconf 84' lang='lat' dir='ltr'>Ecclesiae</span> <span class='ocrx_word' id='word_1_17' title='bbox 517 815 748 899; x_wconf 86' lang='lat' dir='ltr'>adiiceretur,</span> <span class='ocrx_word' id='word_1_18' title='bbox 762 814 961 912; x_wconf 81' lang='lat' dir='ltr'>eidemque</span> <span class='ocrx_word' id='word_1_19' title='bbox 975 813 1090 913; x_wconf 87' lang='lat' dir='ltr'>longo</span> <span class='ocrx_word' id='word_1_20' title='bbox 1104 814 1336 890; x_wconf 89' lang='lat' dir='ltr'>saeculorum</span> <span class='ocrx_word' id='word_1_21' title='bbox 1350 833 1479 902; x_wconf 87' lang='lat' dir='ltr'>tractu,</span> <span class='ocrx_word' id='word_1_22' title='bbox 1488 815 1585 889; x_wconf 88' lang='lat' dir='ltr'>inter</span> 
     </span>
     <span class='ocr_line' id='line_1_6' title="bbox 323 933 1583 1033; baseline -0.002 -26"><span class='ocrx_word' id='word_1_23' title='bbox 323 934 486 1009; x_wconf 90' lang='lat' dir='ltr'>infinitas</span> <span class='ocrx_word' id='word_1_24' title='bbox 505 960 626 1011; x_wconf 88' lang='lat' dir='ltr'>rerum</span> <span class='ocrx_word' id='word_1_25' title='bbox 646 933 923 1015; x_wconf 88' lang='lat' dir='ltr'>vicissitudines</span> <span class='ocrx_word' id='word_1_26' title='bbox 946 958 1223 1033; x_wconf 85' lang='lat' dir='ltr'>regnorumque</span> <span class='ocrx_word' id='word_1_27' title='bbox 1243 935 1368 1010; x_wconf 89' lang='lat' dir='ltr'>ruinas</span> <span class='ocrx_word' id='word_1_28' title='bbox 1386 958 1583 1009; x_wconf 89' lang='lat' dir='ltr'>conserva·</span> 
     </span>
     <span class='ocr_line' id='line_1_7' title="bbox 321 1051 529 1152; baseline -0.005 -26"><span class='ocrx_word' id='word_1_29' title='bbox 321 1070 423 1128; x_wconf 90' lang='lat' dir='ltr'>retur</span> <span class='ocrx_word' id='word_1_30' title='bbox 440 1051 494 1152; x_wconf 82' lang='lat'><em>(¹).</em></span> <span class='ocrx_word' id='word_1_31' title='bbox 511 1053 529 1081; x_wconf 89' lang='lat'>’&#39;</span> 
     </span>
    </p>

    <p class='ocr_par' dir='ltr' id='par_1_5' title="bbox 321 1170 1589 2337">
     <span class='ocr_line' id='line_1_8' title="bbox 374 1170 1584 1273; baseline -0.003 -26"><span class='ocrx_word' id='word_1_32' title='bbox 374 1184 395 1214; x_wconf 88' lang='lat'>“</span> <span class='ocrx_word' id='word_1_33' title='bbox 418 1173 503 1248; x_wconf 89' lang='lat' dir='ltr'>Hac</span> <span class='ocrx_word' id='word_1_34' title='bbox 522 1190 647 1249; x_wconf 90' lang='lat' dir='ltr'>autem</span> <span class='ocrx_word' id='word_1_35' title='bbox 667 1172 812 1248; x_wconf 88' lang='lat' dir='ltr'>ratione</span> <span class='ocrx_word' id='word_1_36' title='bbox 836 1170 1095 1273; x_wconf 81' lang='lat' dir='ltr'>(manifestato</span> <span class='ocrx_word' id='word_1_37' title='bbox 1123 1170 1302 1271; x_wconf 86' lang='lat' dir='ltr'>singulari</span> <span class='ocrx_word' id='word_1_38' title='bbox 1333 1170 1584 1247; x_wconf 85' lang='lat' dir='ltr'>Providentiae</span> 
     </span>
     <span class='ocr_line' id='line_1_9' title="bbox 321 1290 1585 1391; baseline -0.001 -25"><span class='ocrx_word' id='word_1_39' title='bbox 321 1290 493 1391; x_wconf 87' lang='lat' dir='ltr'>consilio)</span> <span class='ocrx_word' id='word_1_40' title='bbox 507 1317 599 1367; x_wconf 89' lang='lat' dir='ltr'>sane</span> <span class='ocrx_word' id='word_1_41' title='bbox 613 1292 846 1391; x_wconf 86' lang='lat' dir='ltr'>gravissima,</span> <span class='ocrx_word' id='word_1_42' title='bbox 864 1291 987 1391; x_wconf 86' lang='lat' dir='ltr'>pergit</span> <span class='ocrx_word' id='word_1_43' title='bbox 1017 1290 1202 1377; x_wconf 84' lang='lat' dir='ltr'>Pontifex,</span> <span class='ocrx_word' id='word_1_44' title='bbox 1225 1316 1299 1365; x_wconf 94' lang='lat' dir='ltr'>non</span> <span class='ocrx_word' id='word_1_45' title='bbox 1319 1291 1424 1391; x_wconf 88' lang='lat' dir='ltr'>regni</span> <span class='ocrx_word' id='word_1_46' title='bbox 1443 1290 1585 1365; x_wconf 90' lang='lat' dir='ltr'>ambitu</span> 
     </span>
     <span class='ocr_line' id='line_1_10' title="bbox 325 1408 1585 1508; baseline -0.002 -24"><span class='ocrx_word' id='word_1_47' title='bbox 325 1427 363 1485; x_wconf 90' lang='lat' dir='ltr'>ut</span> <span class='ocrx_word' id='word_1_48' title='bbox 377 1411 526 1508; x_wconf 91' lang='lat' dir='ltr'>saepius</span> <span class='ocrx_word' id='word_1_49' title='bbox 545 1409 740 1496; x_wconf 85' lang='lat' dir='ltr'>ediximus,</span> <span class='ocrx_word' id='word_1_50' title='bbox 763 1435 837 1484; x_wconf 94' lang='lat' dir='ltr'>non</span> <span class='ocrx_word' id='word_1_51' title='bbox 856 1408 1074 1483; x_wconf 91' lang='lat' dir='ltr'>dominandi</span> <span class='ocrx_word' id='word_1_52' title='bbox 1095 1409 1297 1506; x_wconf 87' lang='lat' dir='ltr'>cupiditate</span> <span class='ocrx_word' id='word_1_53' title='bbox 1316 1408 1486 1507; x_wconf 90' lang='lat' dir='ltr'>permoti,</span> <span class='ocrx_word' id='word_1_54' title='bbox 1510 1408 1585 1482; x_wconf 90' lang='lat' dir='ltr'>Ro·</span> 
     </span>
     <span class='ocr_line' id='line_1_11' title="bbox 325 1525 1586 1626; baseline -0.001 -25"><span class='ocrx_word' id='word_1_55' title='bbox 325 1528 423 1602; x_wconf 90' lang='lat' dir='ltr'>mani</span> <span class='ocrx_word' id='word_1_56' title='bbox 445 1527 646 1603; x_wconf 87' lang='lat' dir='ltr'>Pontifices</span> <span class='ocrx_word' id='word_1_57' title='bbox 664 1527 812 1626; x_wconf 91' lang='lat' dir='ltr'>quoties</span> <span class='ocrx_word' id='word_1_58' title='bbox 833 1527 979 1601; x_wconf 86' lang='lat' dir='ltr'>civilem</span> <span class='ocrx_word' id='word_1_59' title='bbox 999 1526 1097 1600; x_wconf 92' lang='lat' dir='ltr'>hunc</span> <span class='ocrx_word' id='word_1_60' title='bbox 1119 1526 1369 1624; x_wconf 90' lang='lat' dir='ltr'>Principatum</span> <span class='ocrx_word' id='word_1_61' title='bbox 1390 1525 1529 1600; x_wconf 88' lang='lat' dir='ltr'>turbari</span> <span class='ocrx_word' id='word_1_62' title='bbox 1548 1541 1586 1600; x_wconf 85' lang='lat' dir='ltr'>et</span> 
     </span>
     <span class='ocr_line' id='line_1_12' title="bbox 325 1642 1587 1742; baseline -0.002 -24"><span class='ocrx_word' id='word_1_63' title='bbox 325 1642 453 1719; x_wconf 91' lang='lat' dir='ltr'>violari</span> <span class='ocrx_word' id='word_1_64' title='bbox 482 1664 692 1732; x_wconf 87' lang='lat' dir='ltr'>censerunt,</span> <span class='ocrx_word' id='word_1_65' title='bbox 725 1644 937 1742; x_wconf 88' lang='lat' dir='ltr'>Apostolici</span> <span class='ocrx_word' id='word_1_66' title='bbox 971 1645 1135 1719; x_wconf 89' lang='lat' dir='ltr'>muneris</span> <span class='ocrx_word' id='word_1_67' title='bbox 1165 1669 1248 1719; x_wconf 90' lang='lat' dir='ltr'>esse</span> <span class='ocrx_word' id='word_1_68' title='bbox 1279 1661 1457 1742; x_wconf 88' lang='lat' dir='ltr'>putarunt</span> <span class='ocrx_word' id='word_1_69' title='bbox 1482 1669 1587 1717; x_wconf 90' lang='lat' dir='ltr'>sacra</span> 
     </span>
     <span class='ocr_line' id='line_1_13' title="bbox 327 1761 1587 1859; baseline -0.001 -23"><span class='ocrx_word' id='word_1_70' title='bbox 327 1763 521 1839; x_wconf 87' lang='lat' dir='ltr'>Romanae</span> <span class='ocrx_word' id='word_1_71' title='bbox 544 1761 737 1838; x_wconf 89' lang='lat' dir='ltr'>Ecclesiae</span> <span class='ocrx_word' id='word_1_72' title='bbox 756 1763 836 1837; x_wconf 91' lang='lat' dir='ltr'>iura</span> <span class='ocrx_word' id='word_1_73' title='bbox 854 1781 953 1836; x_wconf 92' lang='lat' dir='ltr'>sarta</span> <span class='ocrx_word' id='word_1_74' title='bbox 984 1780 1081 1837; x_wconf 90' lang='lat' dir='ltr'>tecta</span> <span class='ocrx_word' id='word_1_75' title='bbox 1107 1787 1259 1836; x_wconf 88' lang='lat' dir='ltr'>servare</span> <span class='ocrx_word' id='word_1_76' title='bbox 1276 1781 1314 1836; x_wconf 86' lang='lat' dir='ltr'>et</span> <span class='ocrx_word' id='word_1_77' title='bbox 1346 1786 1414 1859; x_wconf 88' lang='lat' dir='ltr'>pro</span> <span class='ocrx_word' id='word_1_78' title='bbox 1445 1761 1587 1835; x_wconf 90' lang='lat' dir='ltr'>viribus</span> 
     </span>
     <span class='ocr_line' id='line_1_14' title="bbox 325 1878 1585 1981; baseline -0.004 -23"><span class='ocrx_word' id='word_1_79' title='bbox 325 1883 418 1958; x_wconf 88' lang='lat' dir='ltr'>tueri</span> <span class='ocrx_word' id='word_1_80' title='bbox 433 1911 441 1971; x_wconf 92' lang='lat'>;</span> <span class='ocrx_word' id='word_1_81' title='bbox 460 1883 618 1981; x_wconf 90' lang='lat' dir='ltr'>Nosque</span> <span class='ocrx_word' id='word_1_82' title='bbox 634 1883 704 1980; x_wconf 90' lang='lat' dir='ltr'>ipsi</span> <span class='ocrx_word' id='word_1_83' title='bbox 720 1882 1030 1957; x_wconf 88' lang='lat' dir='ltr'>Predecessorum</span> <span class='ocrx_word' id='word_1_84' title='bbox 1048 1899 1257 1955; x_wconf 91' lang='lat' dir='ltr'>nostrorum</span> <span class='ocrx_word' id='word_1_85' title='bbox 1273 1878 1445 1977; x_wconf 85' lang='lat' dir='ltr'>exempla</span> <span class='ocrx_word' id='word_1_86' title='bbox 1457 1879 1585 1966; x_wconf 86' lang='lat' dir='ltr'>secuti,</span> 
     </span>
     <span class='ocr_line' id='line_1_15' title="bbox 324 1997 1585 2095; baseline -0.005 -19"><span class='ocrx_word' id='word_1_87' title='bbox 324 2000 416 2076; x_wconf 90' lang='lat' dir='ltr'>haec</span> <span class='ocrx_word' id='word_1_88' title='bbox 435 2000 567 2076; x_wconf 90' lang='lat' dir='ltr'>eadem</span> <span class='ocrx_word' id='word_1_89' title='bbox 600 2001 679 2075; x_wconf 91' lang='lat' dir='ltr'>iura</span> <span class='ocrx_word' id='word_1_90' title='bbox 705 2025 874 2075; x_wconf 88' lang='lat' dir='ltr'>asserere</span> <span class='ocrx_word' id='word_1_91' title='bbox 898 2019 936 2074; x_wconf 88' lang='lat' dir='ltr'>et</span> <span class='ocrx_word' id='word_1_92' title='bbox 957 1999 1144 2078; x_wconf 89' lang='lat' dir='ltr'>vindicare</span> <span class='ocrx_word' id='word_1_93' title='bbox 1164 2023 1238 2071; x_wconf 96' lang='lat' dir='ltr'>non</span> <span class='ocrx_word' id='word_1_94' title='bbox 1257 1997 1585 2095; x_wconf 87' lang='lat' dir='ltr'>praetermisimus,</span> 
     </span>
     <span class='ocr_line' id='line_1_16' title="bbox 326 2117 1589 2220; baseline -0.001 -26"><span class='ocrx_word' id='word_1_95' title='bbox 326 2145 393 2196; x_wconf 91' lang='lat' dir='ltr'>nec</span> <span class='ocrx_word' id='word_1_96' title='bbox 423 2146 587 2219; x_wconf 90' lang='lat' dir='ltr'>unquam</span> <span class='ocrx_word' id='word_1_97' title='bbox 618 2120 972 2220; x_wconf 89' lang='lat' dir='ltr'>praetermittemus.</span> <span class='ocrx_word' id='word_1_98' title='bbox 1003 2119 1021 2146; x_wconf 83' lang='lat'>&#39;&#39;</span> <span class='ocrx_word' id='word_1_99' title='bbox 1044 2119 1156 2210; x_wconf 79' lang='lat' dir='ltr'>Quod</span> <span class='ocrx_word' id='word_1_100' title='bbox 1177 2119 1284 2192; x_wconf 82' lang='lat' dir='ltr'>Deus</span> <span class='ocrx_word' id='word_1_101' title='bbox 1313 2120 1369 2192; x_wconf 80' lang='lat' dir='ltr'>ita</span> <span class='ocrx_word' id='word_1_102' title='bbox 1396 2117 1589 2193; x_wconf 70' lang='lat' dir='ltr'>conium!</span> 
     </span>
     <span class='ocr_line' id='line_1_17' title="bbox 324 2237 741 2337; baseline 0.002 -25"><span class='ocrx_word' id='word_1_103' title='bbox 324 2239 429 2315; x_wconf 79' lang='lat' dir='ltr'>homo</span> <span class='ocrx_word' id='word_1_104' title='bbox 447 2266 519 2314; x_wconf 87' lang='lat' dir='ltr'>non</span> <span class='ocrx_word' id='word_1_105' title='bbox 537 2248 678 2337; x_wconf 77' lang='lat' dir='ltr'>separet</span> <span class='ocrx_word' id='word_1_106' title='bbox 691 2243 710 2312; x_wconf 80' lang='lat' dir='ltr'><em>l</em></span> <span class='ocrx_word' id='word_1_107' title='bbox 724 2237 741 2266; x_wconf 88' lang='lat'><strong>”</strong></span> 
     </span>
    </p>
   </div>
   <div class='ocr_carea' id='block_1_5' title="bbox 369 2452 1017 2524">
    <p class='ocr_par' dir='ltr' id='par_1_6' title="bbox 369 2452 1017 2524">
     <span class='ocr_line' id='line_1_18' title="bbox 369 2452 1017 2524; baseline -0.002 -17"><span class='ocrx_word' id='word_1_108' title='bbox 369 2467 390 2507; x_wconf 89' lang='lat'>1.</span> <span class='ocrx_word' id='word_1_109' title='bbox 405 2452 494 2509; x_wconf 83' lang='lat' dir='ltr'>Alloc.</span> <span class='ocrx_word' id='word_1_110' title='bbox 508 2453 546 2508; x_wconf 90' lang='lat' dir='ltr'>ad</span> <span class='ocrx_word' id='word_1_111' title='bbox 561 2453 682 2524; x_wconf 86' lang='lat' dir='ltr'>Ephem.</span> <span class='ocrx_word' id='word_1_112' title='bbox 697 2452 793 2524; x_wconf 87' lang='lat' dir='ltr'>script.</span> <span class='ocrx_word' id='word_1_113' title='bbox 808 2467 841 2508; x_wconf 87' lang='lat'>22</span> <span class='ocrx_word' id='word_1_114' title='bbox 856 2454 924 2509; x_wconf 88' lang='lat' dir='ltr'>Feb.</span> <span class='ocrx_word' id='word_1_115' title='bbox 941 2453 1017 2521; x_wconf 89' lang='lat'>1879.</span> 
     </span>
    </p>
   </div>
   <div class='ocr_carea' id='block_1_6' title="bbox 0 0 1770 5482">
    <p class='ocr_par' dir='ltr' id='par_1_7' title="bbox 0 0 1770 5482">
     <span class='ocr_line' id='line_1_19' title="bbox 0 0 1770 5482; baseline 0 0"><span class='ocrx_word' id='word_1_116' title='bbox 0 0 1770 5482; x_wconf 95' lang='lat' dir='ltr'> </span> 
     </span>
    </p>
   </div>
  </div>
 </body>
</html>
