3496 5482
659 522 750 572 ΡΑΡΑ
777 522 837 573 Sl'l‘
865 523 940 572 REX
969 523 1097 574 ROMAE.

344 628 535 637 —m
554 629 656 637 --——-..-
670 630 700 635 —-
731 628 858 635 ----
885 626 1326 635 --.—-......—-—-——-
1336 627 1402 633 -.-,
1415 625 1503 633 ,—

298 684 359 759 Ex
379 708 476 758 nunc
496 684 592 759 inter
610 684 781 759 nationes
811 682 990 758 civilitate
1009 682 1186 758 florentes
1218 699 1275 757 tot
1294 680 1409 757 millia
1430 679 1513 757 mil·

244 798 333 873 lium
366 799 559 873 hominum
590 804 867 900 quorumdum
899 801 1160 877 restaurationi
1187 799 1315 876 sociali
1347 824 1507 876 manum

244 934 396 994 strenue
413 919 627 1006 admovent,
648 922 814 995 omnium
833 947 876 995 ac
894 919 1125 1020 singulorum
1145 946 1240 995 unus
1257 920 1406 995 animus
1431 938 1504 1007 est,

245 1036 281 1109 id
300 1055 357 1112 est
376 1038 587 1112 executioni
608 1041 785 1116 mandare
802 1065 876 1128 eas,
896 1064 989 1138 quas
1010 1039 1155 1114 Ductor
1173 1041 1366 1115 nationum
1385 1062 1505 1136 appo·

243 1155 327 1241 suit,
359 1154 506 1254 regulas
524 1156 561 1230 in
582 1157 810 1233 mirabilibus
840 1158 917 1233 suis
936 1157 1132 1255 encyclicis
1163 1157 1212 1232 de
1234 1156 1508 1232 constitutione

243 1271 444 1349 christiana
462 1275 623 1352 civitatis
649 1276 778 1363 civilis,
798 1277 847 1351 de
881 1275 1096 1351 conditione
1127 1273 1302 1374 opificum
1321 1290 1359 1349 et
1378 1273 1428 1348 de
1446 1297 1508 1348 ce·

245 1391 333 1466 teris
364 1394 634 1489 quaestionibus
663 1395 797 1469 summi
831 1392 1021 1469 momenti.
1044 1393 1207 1468 Ferveat
1226 1418 1332 1491 opus,
1365 1390 1507 1491 cuique

243 1533 351 1583 suum
370 1511 503 1586 afferre
521 1511 700 1587 calculum
719 1511 827 1587 liceat
845 1512 959 1585 modo
977 1512 1047 1585 sub
1071 1510 1313 1608 inspiratione
1331 1527 1370 1585 et
1387 1509 1506 1585 ductu

246 1626 437 1703 Pontificis
457 1629 628 1716 Romani,
648 1632 696 1705 ab
714 1656 835 1729 eoque
853 1629 1019 1728 legitime
1038 1629 1321 1728 praepositorum
1343 1627 1505 1727 Episco-

244 1770 376 1842 porum
397 1766 608 1823 nostrorum
627 1748 787 1824 fideliter
805 1747 959 1823 laboret.

294 1863 528 1941 Adlaboreut
549 1867 616 1940 viri
636 1866 774 1965 politici
811 1885 849 1942 et
868 1866 1123 1940 moderatores
1142 1863 1365 1962 reipublicae,
1385 1864 1504 1939 modo

243 1982 313 2056 sub
345 1984 457 2057 ductu
476 2003 514 2058 et
544 1985 699 2058 consilio
717 1984 888 2059 laborent
919 1984 1082 2082 supremi
1102 1983 1266 2080 ipsorum
1298 1974 1501 2057 consiliarii

247 2100 357 2197 Papae
387 2102 493 2199 cujus
515 2103 708 2200 sapientiae
734 2104 958 2177 documenta
989 2103 1169 2175 mirantur
1186 2101 1299 2176 etiam
1329 2101 1501 2176 extranei

243 2219 438 2315 principes.
461 2220 696 2296 Adlaboreut
729 2221 847 2296 clerus
867 2239 904 2295 et
935 2219 1150 2294 sacerdotes
1168 2217 1501 2291 communitatibus

242 2335 524 2432 parochialibus,
560 2340 869 2413 associationibus
900 2337 1074 2436 opificum
1104 2336 1326 2435 omnigenis,
1347 2333 1498 2421 scholia,

242 2454 442 2528 academiis
473 2464 511 2530 e't
546 2457 678 2531 studiis
707 2458 909 2554 praepositi,
943 2457 1056 2531 modo
1088 2481 1135 2529 ne
1165 2454 1316 2529 minime
1344 2452 1499 2550 quidem

244 2572 419 2646 recedant
436 2599 460 2646 a
477 2574 589 2648 ductu
614 2575 803 2649 Pontificis
814 2594 852 2650 et
872 2576 1065 2649 Pastorum
1085 2598 1247 2648 suorum.
1263 2570 1501 2646 Adlaboreut

242 2689 343 2763 cives
362 2709 400 2765 et
417 2693 617 2788 scriptores
636 2719 794 2790 quorum
810 2695 846 2769 in
861 2720 972 2768 manu
991 2712 1078 2769 sunt
1092 2693 1363 2793 ephemerides.
1384 2692 1501 2767 modo

242 2808 420 2882 continuo
434 2835 511 2906 prae
522 2810 638 2884 oculis
648 2811 813 2886 habeant
828 2811 975 2911 regulas
990 2837 1084 2909 quas
1105 2811 1196 2909 ipsis
1207 2811 1349 2885 dictare
1366 2809 1500 2909 digna·

243 2942 302 2998 tus
320 2943 377 2999 est
396 2926 693 3024 sapientissimus
705 2956 747 3004 ac
767 2929 923 3028 pervigil
942 2930 1115 3004 Pontifex
1133 2948 1261 3005 noster
1274 2930 1355 3002 Leo
1375 2927 1498 3003 XIII.

245 3043 305 3116 En
324 3070 460 3142 agmen
480 3046 745 3121 catholicorum
765 3049 812 3122 ad
833 3050 1141 3124 restaurationem
1154 3047 1328 3122 socialem
1348 3047 1498 3120 ordina·

243 3181 331 3247 tum,
352 3163 409 3235 cui
428 3163 576 3237 addicta
597 3185 721 3240 manet
740 3184 841 3240 certa
860 3166 1014 3241 victoria
1033 3168 1070 3240 in
1090 3167 1264 3253 futurum,
1279 3184 1318 3240 ut
1337 3166 1373 3239 in
1390 3163 1501 3239 Italia

243 3281 300 3353 vir
330 3282 481 3379 quidam
510 3283 692 3380 politicus,
713 3285 859 3359 etiamsi
881 3284 1062 3360 Ecclesiae
1081 3285 1261 3370 inimicus,
1297 3309 1414 3381 nuper
1441 3301 1501 3358 est

242 3400 436 3474 consessus
456 3399 512 3502 (¹).

294 3518 367 3604 Sic,
389 3544 471 3593 cum
504 3520 746 3595 Providentia
776 3547 818 3594 ac
840 3521 1105 3596 benevolentia
1138 3519 1273 3595 summi
1305 3519 1378 3593 Dei
1414 3544 1500 3616 quae

242 3662 392 3733 semper
409 3656 468 3711 est
486 3664 569 3712 cum
591 3638 762 3712 Ecclesia
781 3665 857 3725 sua,
883 3640 1035 3713 miserta
1052 3640 1241 3715 societatis
1273 3656 1409 3713 nostrae
1429 3638 1500 3733 ipsi

242 3750 414 3829 videatur
442 3782 671 3854 praeparasse
701 3758 858 3831 salutem
892 3758 927 3830 in
949 3758 1089 3833 unitate
1108 3784 1191 3831 cum
1218 3755 1399 3831 Pontifice
1424 3756 1500 3829 Ro·

243 3898 363 3960 mano,
378 3875 461 3947 huic
477 3893 557 3949 toto
568 3876 694 3949 animo
708 3875 911 3962 adhaerere,
927 3876 1025 3950 hunc
1039 3894 1118 3950 toto
1131 3894 1282 3972 pectore
1295 3872 1499 3948 acclamare

236 3993 345 4090 juvat
364 4019 447 4066 cum
466 3994 620 4091 antiquo
641 4010 778 4089 poeta:

329 4171 391 4245 Tu
419 4195 568 4244 recens
596 4194 754 4244 miramo
783 4194 957 4257 Porutos
989 4171 1171 4256 Rouana,
1201 4170 1410 4245 mansuro!

294 4363 342 4421 ll.
366 4348 491 4447 Hujus
514 4348 682 4422 Parentis
700 4347 982 4422 saluberrimum
999 4373 1071 4421 non
1085 4347 1209 4421 subire
1223 4345 1405 4419 influxum
1424 4370 1499 4419 non

241 4483 364 4560 potest
382 4467 540 4540 societas
556 4485 692 4551 nostra,
709 4466 757 4539 ab
776 4467 858 4562 ipso
877 4491 943 4562 per
960 4465 1096 4540 saecula
1115 4464 1269 4550 erudita,
1286 4464 1377 4561 quin
1395 4463 1498 4561 peni·

1214 4618 1252 4622 -....
1258 4611 1455 4622 -...---
1472 4612 1499 4618 ,μ

216 4664 219 4670 ’
258 4691 301 4749 [ι.
320 4679 360 4738 ιι
372 4678 445 4732 aian
452 4677 551 4751 public
563 4679 600 4733 uu
618 4693 649 4747 14
661 4677 729 4733 ute.
748 4677 822 4748 1896.
836 4679 916 4734 meu
929 4677 967 4733 eu
982 4677 1080 4733 uuam
1096 4679 1136 4733 u.
1151 4676 1305 4733 cristofori.
