3496 5482
654 627 777 678 CAPUT
805 628 971 680 SEXTUM.
1376 628 1444 700 107

926 735 967 740 —-
1207 733 1433 740 ..---—..—-

185 796 206 827 ‘⁸
225 786 340 863 altera
358 789 507 864 assidue
527 816 594 886 pro
613 790 771 864 veritate
790 807 827 864 et
845 791 983 864 virtute
1002 809 1224 889 propugnat,
1245 790 1360 865 altera
1379 814 1447 886 pro

186 913 206 945 ‘⁴
226 905 278 992 iis,
299 932 396 1005 quae
414 909 542 982 virtuti
562 927 647 982 sunt
667 908 890 1006 veritatique
909 909 1102 983 contraria.

236 1023 447 1100 “Alterum
471 1027 543 1100 Dei
576 1043 634 1100 est
661 1026 697 1099 in
730 1027 838 1100 terris
869 1052 1037 1125 regnum,
1068 1052 1158 1102 vera
1185 1027 1324 1102 scilicet
1356 1027 1447 1101 lesu

187 1150 208 1180 “
228 1141 392 1217 Curusn
415 1142 593 1230 Ecclesia,
608 1143 666 1217 cui
684 1143 748 1241 qui
767 1143 898 1218 volunt
917 1170 964 1219 ex
984 1145 1110 1219 animo
1129 1163 1166 1220 et
1180 1145 1449 1219 convenienter

186 1260 273 1333 “ad
300 1261 458 1335 salutem
478 1261 756 1348 adhaerescere,
786 1287 940 1337 necesse
968 1281 1027 1337 est
1059 1263 1145 1337 Deo
1170 1280 1209 1338 et
1239 1262 1448 1361 Unigenito

187 1386 209 1416 ‘⁸
230 1377 327 1452 Filio
346 1379 425 1453 eius
444 1396 522 1453 tota
537 1398 662 1454 mente
677 1405 719 1452 ac
734 1405 880 1454 summa
905 1380 1098 1455 voluntate
1116 1381 1272 1467 servire;
1291 1425 1341 1437 —
1358 1379 1448 1455 alte·

188 1504 209 1534 ‘⁴
229 1521 307 1570 rum
329 1496 491 1572 Satanae
506 1515 563 1572 est
579 1524 746 1597 regnum,
763 1499 866 1572 cuius
886 1499 922 1573 in
941 1499 1082 1573 ditione
1100 1519 1138 1574 et
1157 1516 1343 1597 potestate
1361 1516 1448 1572 sunt

188 1616 450 1715 “quicumque
469 1617 617 1692 lunesta
635 1618 739 1692 ducis
760 1619 816 1692 sui
831 1636 869 1693 et
884 1619 1087 1716 primorum
1107 1636 1301 1716 parentum
1322 1643 1447 1693 exem·

185 1744 206 1775 ‘⁸
225 1736 286 1834 pla
303 1740 431 1823 secuti,
461 1764 592 1835 parere
623 1738 775 1813 divinae
807 1757 1058 1837 aeternaeque
1089 1737 1164 1839 legi
1196 1754 1377 1822 recusant,
1409 1752 1448 1810 et

187 1864 208 1894 “
228 1855 345 1931 multo
364 1857 579 1952 posthabito
601 1856 697 1942 De0‚
720 1854 835 1931 multa
872 1873 1002 1931 contra
1022 1857 1148 1931 Deum
1167 1855 1410 1931 contendunt.

238 1982 257 2012 “
280 1973 432 2071 Duplex
451 1975 521 2049 hoc
536 1975 872 2074 regnum,duarum
894 1975 1011 2049 instar
1029 1975 1234 2060 civitatum,
1254 1966 1447 2048 contrariis

187 2102 208 2133 “
226 2092 372 2193 legibus
390 2095 574 2169 contraria
594 2096 630 2169 in
661 2095 785 2168 studia
814 2094 1041 2178 abeuntium,
1064 2112 1172 2169 acute
1191 2093 1284 2167 vidit
1311 2090 1446 2165 descri-

188 2220 208 2258 ‘⁴
227 2211 374 2308 psitque
393 2212 641 2311 Augustinus,
662 2229 700 2286 et
719 2212 911 2310 utriusque
930 2211 1157 2286 efficientem
1175 2236 1345 2284 caussam
1361 2208 1446 2281 sub·

188 2329 279 2403 “tili
299 2330 481 2405 brevitate
506 2331 724 2428 complexus
746 2351 815 2418 est,
838 2333 882 2406 iis
909 2332 1057 2406 verbis:
1083 2333 1265 2406 Fecerunt
1281 2331 1446 2404 civitates

188 2457 209 2487 “
227 2448 320 2522 duas
332 2476 474 2524 amores
490 2451 588 2524 duo:
605 2460 793 2524 terrenam
810 2451 946 2524 scilicet
963 2451 1153 2536 amorrui,
1175 2475 1286 2547 usque
1301 2448 1356 2521 ad
1366 2473 1445 2522 con·

188 2577 209 2608 “
226 2579 402 2667 temptum
415 2572 515 2644 Dei:
527 2571 708 2645 coelestem
719 2598 803 2645 vero
815 2597 922 2645 amor
935 2572 1139 2669 Baiasque
1149 2569 1448 2666 adcontemptum

188 2696 209 2727 “
227 2688 290 2761 sui
305 2685 360 2788 (¹).

237 2806 391 2882 “Vario
425 2833 467 2882 ac
504 2807 697 2905 multiplici
733 2835 817 2882 cum
854 2834 1041 2882 armorum
1080 2826 1159 2883 tum
1198 2803 1446 2881 dimicationis

186 2933 366 3021 “genere
397 2925 513 2999 altera
544 2926 729 3000 adversus
749 2926 904 3000 alteram
937 2927 1037 3000 omni
1065 2924 1297 3000 saeculorum
1323 2938 1446 2997 aetate

186 3051 207 3080 ‘⁴
225 3042 402 3130 conflixit,
441 3068 668 3141 quamquam
701 3069 775 3119 non
811 3044 945 3118 eodem
982 3069 1132 3142 semper
1167 3044 1300 3118 ardore
1334 3059 1447 3136 atque

187 3169 207 3199 “
228 3160 379 3258 impetu.
402 3162 420 3188 ”

235 3293 271 3354 4.
309 3277 463 3353 Omissa
487 3305 638 3377 prorsus
674 3279 828 3354 historia
858 3280 1020 3354 diuturni
1049 3279 1144 3353 illius
1163 3279 1365 3364 conflictus,
1386 3275 1448 3375 qui

185 3397 300 3472 vitam
321 3414 535 3472 terrestrem
554 3398 671 3471 Ducis
691 3399 806 3472 nostri
833 3398 973 3472 Christi
995 3399 1089 3495 Jasu
1109 3397 1318 3480 antecessit,
1336 3421 1448 3492 quam

186 3514 447 3590 brevissimum
479 3515 724 3589 exhibeamus
756 3515 1021 3611 compendium
1050 3515 1266 3613 posterioris
1299 3514 1448 3586 dimica·

185 3633 297 3707 tionis
315 3632 476 3706 civitatis
499 3633 571 3707 Dei
587 3658 671 3705 cum
690 3632 862 3706 hostibus
881 3633 1104 3729 quibusdam
1120 3631 1285 3717 internis,
1303 3631 1448 3704 Masso-

186 3777 274 3825 num
311 3751 627 3847 praecursoribus;
665 3775 926 3847 memoresque
961 3776 1111 3846 semper
1160 3750 1276 3823 simus
1315 3748 1448 3822 horum

186 3869 361 3965 Gregorii
375 3868 470 3941 XVI
493 3869 703 3954 verborum,
724 3869 824 3966 quod
842 3868 1013 3941 nimirum
1027 3868 1063 3940 in
1079 3885 1199 3941 sectas
1215 3866 1449 3940 Massonicas

188 3997 207 4026 “
225 3986 406 4084 quidquid
426 3987 461 4058 in
475 3986 678 4060 haeresibus
691 4005 728 4060 et
744 3989 780 4059 in
795 3984 1090 4060 sceleratissimis
1110 3986 1320 4083 quibusque
1338 3985 1450 4058 sectis

185 4102 417 4202 sacrilegum,
427 4103 651 4202 flagitiosum
666 4130 708 4178 ac
728 4104 987 4200 blasphemum
1002 4121 1070 4190 est,
1087 4103 1192 4199 quasi
1208 4104 1243 4176 in
1264 4103 1448 4177 sentinam

185 4223 396 4322 quamdam,
418 4247 501 4294 cum
520 4224 686 4295 omnium
706 4223 873 4296 sordium
887 4222 1136 4306 concretione,
1157 4221 1335 4294 confluxit
1356 4218 1408 4319 (²).
1431 4220 1447 4247 ”

236 4342 400 4440 Agejam
420 4361 505 4437 post
524 4340 677 4440 longum
699 4345 808 4416 trium
829 4343 1050 4416 saeculorum
1071 4343 1243 4440 spatium,
1266 4342 1449 4439 inquibus

187 4461 359 4560 princeps
381 4459 594 4556 Babylonis,
616 4462 788 4558 princeps
808 4460 919 4558 hujus
938 4460 1072 4546 saeculi,
1093 4461 1156 4557 qui
1176 4458 1362 4533 homicida
1381 4457 1448 4531 suit

225 4714 250 4755 1.
270 4700 313 4753 De
325 4700 402 4754 civil.
417 4700 482 4766 Dei,
496 4699 542 4752 lib.
558 4699 637 4767 XIV,
651 4717 675 4754 c.
693 4712 730 4767 17.

223 4795 247 4834 a.
268 4779 385 4848 Encycl.
400 4779 514 4832 Mirari
525 4795 583 4845 vos,
601 4790 630 4847 15
646 4781 717 4848 Aug.
736 4781 810 4848 1832.
