3496 5482
335 529 404 600 118
740 550 832 600 anan
859 549 919 600 sm
946 548 1022 598 nex
1050 548 1175 600 nona.

327 712 589 789 inviolabiliter
623 715 811 789 servando
863 713 1126 811 adstringunt;
1167 713 1274 809 quasi
1319 713 1429 790 liceat
1465 714 1583 804 alicui,

327 832 524 931 cujuslibet
542 833 799 932 promissionis
818 850 881 906 aut
894 832 1096 930 juramenti
1114 831 1271 906 obtentu
1299 858 1339 908 se
1371 834 1475 921 tueri,
1495 860 1585 932 quo·

328 954 484 1027 minusa
501 952 668 1051 legitima
687 968 874 1050 potestate
901 950 1162 1049 interrogatus,
1189 951 1317 1025 omnia
1335 951 1441 1026 lateri
1461 970 1583 1027 tenea-

326 1089 396 1157 tur,
412 1096 658 1169 quaecumque
677 1070 923 1167 exquiruntur
940 1068 988 1141 ad
1007 1068 1304 1167 dignoscendum
1323 1095 1370 1143 an
1390 1068 1528 1168 aliquid
1548 1072 1584 1146 in

325 1187 538 1287 hujusmodi
569 1187 821 1263 conventibus
840 1186 915 1271 fiat,
938 1185 1040 1283 quod
1067 1185 1116 1260 sit
1144 1203 1275 1260 contra
1297 1186 1505 1286 Religionis
1523 1206 1585 1263 aut

326 1305 559 1403 Reipublicae
577 1324 716 1381 statum
735 1323 773 1380 et
793 1304 908 1404 leges.

378 1434 398 1464 ‘⁴
419 1424 563 1520 Quarta
581 1443 639 1499 est
657 1424 758 1522 quod
778 1421 993 1521 hujusmodi
1012 1422 1213 1497 societates
1243 1446 1318 1497 non
1334 1423 1456 1498 minus
1467 1424 1585 1499 civili·

216 1565 218 1570 ’
324 1544 390 1616 bus
406 1568 518 1640 quam
535 1544 719 1617 canonicis
731 1541 980 1615 sanctionibus
997 1540 1199 1614 adversari
1213 1541 1494 1639 dignoscuntur.

378 1672 398 1701 ‘⁸
419 1661 571 1756 Quinta,
602 1661 704 1767 quod
728 1660 807 1758 jam
845 1659 882 1732 in
918 1657 1085 1755 pluribus
1123 1658 1340 1757 regionibus
1370 1680 1585 1736 memoratae

325 1781 525 1856 societates
544 1778 775 1856 saecularium
798 1780 1013 1877 Principum
1032 1780 1171 1875 legibus
1178 1780 1400 1877 proscripta
1414 1781 1583 1873 fuerunt.

375 1908 396 1940 ‘⁴
418 1898 561 1973 Ultima
579 1899 741 1986 demum,
760 1898 862 1996 quod
881 1898 980 1994 apud
1006 1896 1146 1995 probos
1172 1897 1273 1971 viros
1298 1898 1441 1973 eaedem
1469 1901 1585 1977 socie·

324 2035 420 2092 tates
449 2018 545 2093 male
571 2018 757 2103 audirent,
787 2040 992 2113 eorumque
1018 2014 1170 2114 judicio,
1191 2014 1416 2113 quicumque
1443 2017 1584 2092 eisdem

327 2138 479 2214 nomina
507 2139 652 2227 darent,
689 2137 884 2237 pravitatis
919 2155 956 2212 et
985 2136 1237 2234 perversionis
1266 2154 1394 2212 notam
1426 2139 1585 2215 incurre-

327 2276 419 2333 rent.
441 2257 457 2285 ”
1462 2258 1463 2264 ’

377 2387 431 2450 10.
464 2385 485 2416 “
520 2376 728 2473 Utriusque
770 2374 940 2474 vestigiis
976 2374 1166 2473 ingressus
1196 2392 1253 2448 est
1280 2375 1367 2449 Pius
1403 2376 1511 2464 Vll;
1543 2403 1585 2453 ac

327 2503 348 2533 ·‘
370 2493 451 2568 Leo
470 2493 566 2581 Xll,
585 2493 852 2568 constitutione
883 2490 1087 2590 apostolica
1108 2491 1188 2582 Quo
1205 2493 1399 2588 graviora,
1420 2494 1585 2590 superio-

325 2622 448 2687 “rum
470 2613 693 2688 Pontificum
713 2613 782 2688 hac
801 2613 849 2687 de
869 2637 907 2686 re
926 2629 1008 2685 acta
1026 2629 1064 2684 et
1082 2610 1233 2685 decreta
1255 2611 1483 2710 complexus,
1505 2632 1585 2686 rata

209 2812 213 2819 ,
326 2741 346 2771 “
365 2756 408 2805 ac
426 2731 533 2806 firma
552 2732 587 2805 in
608 2749 829 2831 perpetuum
849 2755 932 2804 esse
946 2729 1068 2829 jussit.
1097 2729 1114 2757 ''

378 2850 466 2924 Pius
484 2850 576 2937 Vll,
598 2850 687 2924 dum
722 2850 844 2924 Roma
875 2874 897 2921 a
927 2847 1044 2944 copiis
1067 2846 1300 2943 Napoleonis
1335 2847 1349 2921 l
1371 2866 1450 2922 erat
1477 2873 1584 2922 occu-

324 2987 420 3068 pata,
439 2971 490 3045 ita
508 2971 714 3046 cardinales
732 2990 790 3045 est
808 2969 1006 3045 allocutus:
1024 2980 1043 3008 “
1064 2969 1107 3042 ln
1126 2968 1195 3042 hac
1208 2968 1289 3066 ipsa
1307 2970 1413 3043 Urbe
1430 2971 1600 3067 Nostra,

323 3091 481 3187 captivis
502 3091 538 3163 N
544 3091 626 3164 obis
644 3090 890 3176 audientibus,
912 3109 950 3164 et
968 3089 1015 3175 vi,
1037 3115 1083 3163 ne
1103 3106 1208 3164 tanto
1227 3088 1326 3163 malo
1344 3090 1485 3164 mederi
1498 3116 1582 3188 pos·

323 3208 450 3295 simus,
470 3208 670 3306 oppressis,
690 3207 925 3283 celebrantur
943 3207 1044 3281 omni
1061 3207 1203 3304 pudore
1223 3207 1404 3304 deposit0,
1419 3234 1582 3283 conven-

323 3325 436 3400 ticula
465 3326 659 3402 hominum
690 3326 1090 3410 tenebrosissimorum,
1128 3326 1190 3424 qui
1222 3326 1336 3399 liberi
1361 3327 1583 3402 Muratores

324 3445 506 3521 nominari
526 3445 664 3533 volunt,
685 3473 777 3545 quas
796 3447 995 3521 societates
1015 3465 1051 3519 et
1071 3445 1361 3545 aggregationes
1389 3445 1464 3520 duo
1483 3472 1581 3519 sum·

323 3562 372 3636 mi
410 3563 621 3651 Pontifices,
646 3565 946 3639 Praedecessores
969 3564 1113 3647 Nostri,
1135 3564 1231 3637 binis
1263 3564 1372 3638 editis
1404 3565 1581 3638 constitu·

322 3681 486 3757 tionibus
516 3682 738 3781 gravissime
765 3708 807 3756 ac
830 3683 1067 3757 severissime
1104 3681 1372 3778 prohibuerant
1409 3680 1465 3781 (¹).
1503 3682 1581 3757 Eas

325 3799 408 3874 Nos
427 3801 721 3887 constitutiones,
742 3802 812 3875 etsi
834 3800 969 3875 nullius
984 3818 1122 3900 egeant
1136 3798 1438 3886 confirmationis,
1455 3820 1579 3875 tamen

324 3916 360 3989 in
379 3918 552 3992 omnibus
570 3918 833 3993 confirmamus
852 3937 889 3992 et
909 3920 1169 4015 approbamus,
1191 3942 1397 4015 earumque
1417 3918 1529 3992 robur
1542 3938 1579 3993 et

323 4034 513 4136 obligandi
532 4038 619 4126 vim,
642 4040 817 4136 ipsasque
836 4039 872 4113 in
887 4040 955 4114 illis
970 4039 1192 4114 constitutas
1207 4056 1244 4113 et
1259 4039 1421 4112 sancitas
1434 4065 1577 4136 poenaS,

322 4180 369 4228 ex
397 4155 468 4230 hoc
499 4155 591 4243 loc0,
626 4175 806 4255 quantum
845 4158 1008 4233 maxime
1039 4182 1248 4256 possumus,
1285 4157 1321 4229 in
1359 4158 1577 4232 memoriam

321 4275 487 4349 omnium
508 4301 725 4351 revocamus
739 4274 795 4376 (²).
814 4275 833 4304 ''

376 4391 533 4489 lnsuper
550 4394 814 4468 constitutione
840 4404 858 4434 ‘⁴
877 4395 1081 4468 Ecclesium
1098 4393 1127 4480 ”,
1140 4393 1241 4468 edita
1259 4394 1320 4468 die
1344 4418 1385 4488 13
1407 4394 1578 4491 Septem·

362 4555 383 4596 1.
403 4542 536 4598 Clemens
549 4545 618 4613 X11,
631 4547 667 4598 In
678 4548 821 4612 eminenti,
840 4548 905 4614 1738
929 4558 956 4602 et
979 4546 1151 4600 Benedictus
1174 4545 1254 4613 XIV,
1272 4547 1418 4599 Providus
1439 4547 1577 4601 Romano-

323 4634 486 4692 run1,1751.

359 4715 383 4755 2.
402 4703 493 4758 Alloc.
510 4703 617 4772 11Julii
634 4704 708 4759 1808.
