3496 5482
185 512 526 530 —.......——.

658 568 781 620 cnpur
808 567 971 619 Parnon.
1423 567 1445 634 9

184 751 225 809 ut
244 735 324 832 ipsa
344 734 514 809 restituat
539 715 680 807 bonum
713 733 851 830 injuste
878 730 1043 805 ablatum
1063 747 1100 803 et
1128 747 1275 826 reparet
1306 727 1444 805 illatam

183 853 392 940 offensam3
423 870 481 925 ast
512 851 557 925 lis
589 870 646 925 est
679 875 730 925 nn
762 852 903 925 Raouo
925 850 1144 924 Donrursr
1165 851 1446 926 Rnusuprorus

183 998 322 1050 uosrnt
341 976 435 1073 Jnso
456 975 631 1060 Cunrsrr,
653 993 762 1072 prout
790 973 903 1048 illud:
922 984 941 1012 “
965 972 1106 1046 Divina
1124 972 1367 1046 Providentia
1381 998 1447 1069 per

185 1094 382 1168 decursum
400 1092 632 1166 saeculorum
652 1092 856 1166 stabilitum
876 1117 959 1165 esse
978 1090 1175 1176 cernimus,
1196 1117 1243 1164 ex
1267 1090 1444 1164 adiuncta

186 1228 374 1310 potestate
396 1210 629 1307 Principatus
648 1210 776 1295 civilis,
793 1235 876 1307 qua,
891 1206 994 1283 velut
1005 1209 1148 1304 optima
1161 1208 1342 1283 libertatis
1354 1234 1444 1282 suae

186 1329 303 1404 tutela
321 1347 360 1403 et
380 1329 593 1402 necessario
613 1328 818 1402 munimine
837 1326 1032 1400 frueretur.
1056 1326 1074 1353 ''
1111 1423 1114 1433 Ι

236 1447 302 1521 Ait
330 1446 430 1520 enim
465 1447 545 1520 Leo
577 1446 708 1519 XIII:
744 1445 921 1542 “Neque
954 1444 1122 1540 prolecto
1153 1444 1234 1518 sine
1266 1443 1445 1541 singulari

187 1570 424 1644 Providentis
446 1570 520 1643 Dei
539 1569 693 1644 consilio
712 1569 849 1643 sactum
869 1594 953 1643 esse
972 1568 1202 1643 censendum
1222 1586 1337 1654 est,ut
1351 1568 1444 1642 haec

185 1688 265 1784 ipsa
284 1706 450 1784 potestas
473 1688 706 1785 Principatus
725 1687 854 1776 civilis,
871 1687 974 1763 velut
992 1688 1134 1785 optima
1153 1686 1334 1762 libertatis
1354 1710 1444 1762 suae

185 1805 299 1881 tutela
319 1808 523 1881 muniretur
537 1806 593 1906 (¹).
615 1808 632 1834 '’

237 1924 289 1998 Et
303 1926 381 2023 jam
400 1944 512 2000 antea
543 1927 593 2000 ita
611 1925 757 2000 locutus
788 1926 928 2001 suerat:
961 1928 1064 2001 “Ad
1097 1928 1194 2002 hanc
1227 1925 1444 2024 (Ecclesiae)

185 2059 409 2139 potestatem
441 2042 556 2118 libere
588 2044 1052 2132 totororbeexercendam,
1075 2045 1340 2143 providissimo
1367 2045 1444 2127 Dei

184 2161 338 2236 consilio
358 2160 494 2238 Iactum
510 2190 593 2239 esse
613 2181 663 2248 ut,
676 2174 762 2260 post
773 2165 985 2261 periculosa
998 2167 1147 2262 primae
1163 2167 1297 2240 aetolis
1314 2166 1444 2239 descrz'·

184 2281 298 2366 mino,
328 2279 445 2355 civilis
479 2282 712 2379 Principatus
751 2284 946 2358 Romanae
986 2283 1179 2358 Ecclesiae
1210 2284 1442 2369 adficeretur,

183 2400 381 2496 eidemque
393 2397 508 2498 longo
521 2399 755 2474 saeculorum
772 2419 890 2475 tractu
907 2402 1003 2476 inter
1015 2401 1179 2475 infinitas
1192 2426 1314 2475 rerum
1335 2400 1442 2475 vicis·

183 2516 365 2592 situdines
385 2541 662 2615 regnorumque
689 2518 814 2592 ruinas
841 2536 1128 2594 conservaretur
1146 2517 1200 2617 (²)
1224 2520 1241 2546 ’'

239 2635 288 2708 Et
320 2634 356 2707 in
398 2633 569 2731 Epistola
601 2635 648 2709 de
688 2635 831 2710 Studiis
867 2636 1064 2724 historicis,
1097 2638 1220 2713 eidem
1265 2637 1443 2712 insistens

184 2752 313 2825 divino
332 2751 438 2838 lact0,
466 2752 632 2826 ostendit
664 2752 858 2828 historiam
890 2756 1069 2830 doctrinis
1088 2756 1236 2852 plenam
1255 2754 1352 2830 circa
1370 2755 1443 2830 Dei

187 2869 465 2943 Providentiam
485 2870 521 2942 in
544 2869 753 2945 Ecclesiam
776 2872 1065 2970 Romanumque
1089 2873 1310 2947 Pontificem
1331 2870 1384 2971 (³).

235 2987 360 3061 Causa
373 2987 485 3084 igitur
503 2989 748 3063 restitutionis
772 2990 1005 3087 Principatus
1023 2990 1142 3064 civilis
1161 3017 1235 3065 una
1254 3010 1323 3077 est,
1345 2989 1441 3065 scili·

183 3122 365 3180 cetcausa
384 3104 558 3201 persectae
572 3105 754 3180 libertatis
772 3107 953 3182 Ecclesiae
968 3127 1005 3182 et
1025 3107 1064 3181 S.
1086 3107 1207 3193 Sedis,
1229 3134 1296 3183 seu
1318 3107 1442 3208 Regni

185 3220 324 3296 Christi
341 3221 378 3293 in
397 3222 513 3308 terris,
529 3241 639 3319 prout
659 3250 725 3320 per
743 3224 996 3321 Principatum
1017 3223 1164 3298 civilem
1187 3225 1293 3299 Deus
1313 3250 1443 3299 secura

183 3338 299 3413 tutela
320 3337 527 3412 Ecclesiam
544 3341 725 3415 munitam
737 3367 821 3415 esse
837 3340 963 3427 voluit,
986 3360 1071 3439 post
1086 3341 1294 3438 perniciosa
1312 3343 1443 3440 primae

183 3456 304 3530 aetatis
322 3456 547 3532 discrimina.
571 3554 574 3560 Ι

237 3573 338 3648 Huic
357 3574 490 3649 unitati
508 3574 695 3674 applicare
714 3576 769 3650 Ias
788 3595 857 3652 est:
880 3578 993 3668 Quod
1005 3581 1110 3653 Deus
1122 3580 1325 3676 conjunxit,
1340 3579 1445 3654 homo

184 3702 418 3789 nonseparel.

238 3810 357 3884 Hisce
389 3808 535 3884 unionis
562 3810 708 3908 juribus
746 3814 957 3887 renuntiare
990 3814 1094 3888 nelas
1113 3832 1192 3888 est:
1215 3814 1326 3904 Quod
1339 3815 1443 3888 Deus

174 3927 436 4025 provzdr'ssz'mo
454 3928 604 4002 consilio
617 3931 931 4026 constenxz'rlzomo
948 3956 1020 4005 non
1038 3941 1189 4028 separet.

237 4045 288 4118 Et
308 4045 396 4119 ideo
418 4045 578 4140 quaestio
608 4048 852 4121 restitutionis
879 4048 1112 4145 Principatus
1130 4049 1249 4123 civilis
1281 4050 1442 4123 Romani

186 4163 376 4238 Pontificis
394 4189 468 4236 una
487 4183 545 4238 est
563 4190 605 4237 ac
625 4184 739 4250 tanta,
760 4192 873 4263 quam
892 4194 976 4241 cum
991 4167 1090 4241 nulla
1108 4168 1179 4242 alia
1195 4168 1357 4243 humana
1376 4187 1440 4243 aut

183 4284 433 4359 ecclesiastica
459 4284 691 4359 confundere
710 4286 767 4365 vel
789 4287 1021 4384 aequiparare
1048 4287 1167 4365 liceat.
1187 4334 1238 4345 -
1269 4289 1312 4363 In
1346 4289 1441 4363 hanc

222 4540 243 4578 t.
266 4523 347 4590 lbid.‚
362 4523 479 4592 Encycl.
494 4525 659 4577 Immortale
668 4525 732 4581 Dei.

219 4622 243 4663 a.
262 4607 352 4660 Alloc.
366 4605 404 4660 ad
415 4606 535 4676 Ephem.
550 4607 653 4677 Script.
665 4621 698 4661 22
713 4608 796 4664 Febr.
813 4608 888 4677 1879.

219 4705 243 4760 3
263 4690 364 4758 3Aug.
383 4688 459 4756 1883.
