<?xml version="1.0" encoding="UTF-8"?>
<!DOCTYPE html PUBLIC "-//W3C//DTD XHTML 1.0 Transitional//EN"
    "http://www.w3.org/TR/xhtml1/DTD/xhtml1-transitional.dtd">
<html xmlns="http://www.w3.org/1999/xhtml" xml:lang="en" lang="en">
 <head>
  <title>
</title>
<meta http-equiv="Content-Type" content="text/html;charset=utf-8" />
  <meta name='ocr-system' content='tesseract 3.04.00' />
  <meta name='ocr-capabilities' content='ocr_page ocr_carea ocr_par ocr_line ocrx_word'/>
</head>
<body>
  <div class='ocr_page' id='page_1' title='image "./papasitrexromae00godtgoog_0198.png"; bbox 0 0 3496 5482; ppageno 0'>
   <div class='ocr_carea' id='block_1_1' title="bbox 662 523 1505 614">
    <p class='ocr_par' dir='ltr' id='par_1_1' title="bbox 662 523 1505 614">
     <span class='ocr_line' id='line_1_1' title="bbox 662 523 1505 614; baseline 0.007 -28"><span class='ocrx_word' id='word_1_1' title='bbox 662 579 665 586; x_wconf 90' lang='lat'>.</span> <span class='ocrx_word' id='word_1_2' title='bbox 702 541 823 593; x_wconf 77' lang='lat' dir='ltr'>cnrur</span> <span class='ocrx_word' id='word_1_3' title='bbox 851 541 1043 593; x_wconf 74' lang='lat' dir='ltr'>ocrnvuu.</span> <span class='ocrx_word' id='word_1_4' title='bbox 1439 523 1505 614; x_wconf 86' lang='lat'>183</span> 
     </span>
    </p>
   </div>
   <div class='ocr_carea' id='block_1_2' title="bbox 241 699 1568 4578">
    <p class='ocr_par' dir='ltr' id='par_1_2' title="bbox 241 699 1502 916">
     <span class='ocr_line' id='line_1_2' title="bbox 241 699 1502 802; baseline -0.006 -23"><span class='ocrx_word' id='word_1_5' title='bbox 241 722 328 779; x_wconf 91' lang='lat' dir='ltr'>sunt</span> <span class='ocrx_word' id='word_1_6' title='bbox 345 704 565 802; x_wconf 85' lang='lat' dir='ltr'>opprobriae,</span> <span class='ocrx_word' id='word_1_7' title='bbox 588 701 739 801; x_wconf 87' lang='lat' dir='ltr'>injuriae,</span> <span class='ocrx_word' id='word_1_8' title='bbox 767 699 926 773; x_wconf 91' lang='lat' dir='ltr'>ludibria</span> <span class='ocrx_word' id='word_1_9' title='bbox 944 699 981 773; x_wconf 94' lang='lat' dir='ltr'>in</span> <span class='ocrx_word' id='word_1_10' title='bbox 1000 718 1170 774; x_wconf 91' lang='lat' dir='ltr'>sanctum</span> <span class='ocrx_word' id='word_1_11' title='bbox 1190 718 1228 775; x_wconf 91' lang='lat' dir='ltr'>et</span> <span class='ocrx_word' id='word_1_12' title='bbox 1247 701 1502 775; x_wconf 87' lang='lat' dir='ltr'>venerandum</span> 
     </span>
     <span class='ocr_line' id='line_1_3' title="bbox 243 815 1255 916; baseline -0.005 -18"><span class='ocrx_word' id='word_1_13' title='bbox 243 815 382 898; x_wconf 78' lang='lat' dir='ltr'>Christi</span> <span class='ocrx_word' id='word_1_14' title='bbox 401 821 591 895; x_wconf 92' lang='lat' dir='ltr'>Vicarium</span> <span class='ocrx_word' id='word_1_15' title='bbox 612 821 744 895; x_wconf 89' lang='lat' dir='ltr'>iterum</span> <span class='ocrx_word' id='word_1_16' title='bbox 764 837 802 893; x_wconf 92' lang='lat' dir='ltr'>et</span> <span class='ocrx_word' id='word_1_17' title='bbox 822 818 954 892; x_wconf 89' lang='lat' dir='ltr'>iterum</span> <span class='ocrx_word' id='word_1_18' title='bbox 974 818 1127 916; x_wconf 92' lang='lat' dir='ltr'>impune</span> <span class='ocrx_word' id='word_1_19' title='bbox 1146 818 1255 893; x_wconf 90' lang='lat' dir='ltr'>illata.</span> 
     </span>
    </p>

    <p class='ocr_par' dir='ltr' id='par_1_3' title="bbox 242 935 1504 1395">
     <span class='ocr_line' id='line_1_4' title="bbox 297 935 1502 1014; baseline -0.004 0"><span class='ocrx_word' id='word_1_20' title='bbox 297 941 399 1014; x_wconf 87' lang='lat' dir='ltr'>Dum</span> <span class='ocrx_word' id='word_1_21' title='bbox 426 939 601 1013; x_wconf 93' lang='lat' dir='ltr'>minimus</span> <span class='ocrx_word' id='word_1_22' title='bbox 631 963 653 1012; x_wconf 94' lang='lat' dir='ltr'>e</span> <span class='ocrx_word' id='word_1_23' title='bbox 679 936 824 1011; x_wconf 94' lang='lat' dir='ltr'>civibus</span> <span class='ocrx_word' id='word_1_24' title='bbox 846 935 964 1010; x_wconf 85' lang='lat' dir='ltr'>Italiae</span> <span class='ocrx_word' id='word_1_25' title='bbox 983 936 1119 1010; x_wconf 84' lang='lat' dir='ltr'>lamam</span> <span class='ocrx_word' id='word_1_26' title='bbox 1139 962 1244 1012; x_wconf 92' lang='lat' dir='ltr'>suam</span> <span class='ocrx_word' id='word_1_27' title='bbox 1264 939 1302 1012; x_wconf 87' lang='lat' dir='ltr'>et</span> <span class='ocrx_word' id='word_1_28' title='bbox 1320 937 1502 1011; x_wconf 84' lang='lat' dir='ltr'>honorem</span> 
     </span>
     <span class='ocr_line' id='line_1_5' title="bbox 242 1053 1504 1156; baseline -0.004 -23"><span class='ocrx_word' id='word_1_29' title='bbox 242 1060 334 1134; x_wconf 91' lang='lat' dir='ltr'>tueri</span> <span class='ocrx_word' id='word_1_30' title='bbox 355 1075 480 1156; x_wconf 92' lang='lat' dir='ltr'>potest</span> <span class='ocrx_word' id='word_1_31' title='bbox 498 1057 609 1132; x_wconf 91' lang='lat' dir='ltr'>etiam</span> <span class='ocrx_word' id='word_1_32' title='bbox 629 1081 703 1153; x_wconf 94' lang='lat' dir='ltr'>ope</span> <span class='ocrx_word' id='word_1_33' title='bbox 720 1055 951 1129; x_wconf 82' lang='lat' dir='ltr'>auctoritatis</span> <span class='ocrx_word' id='word_1_34' title='bbox 971 1053 1100 1141; x_wconf 91' lang='lat' dir='ltr'>civilis,</span> <span class='ocrx_word' id='word_1_35' title='bbox 1134 1056 1214 1130; x_wconf 92' lang='lat' dir='ltr'>Leo</span> <span class='ocrx_word' id='word_1_36' title='bbox 1235 1055 1340 1129; x_wconf 88' lang='lat' dir='ltr'>XIII</span> <span class='ocrx_word' id='word_1_37' title='bbox 1355 1091 1358 1095; x_wconf 91' lang='lat'><strong>·</strong></span> <span class='ocrx_word' id='word_1_38' title='bbox 1371 1055 1504 1129; x_wconf 91' lang='lat' dir='ltr'>atroci-</span> 
     </span>
     <span class='ocr_line' id='line_1_6' title="bbox 243 1173 1503 1275; baseline -0.001 -25"><span class='ocrx_word' id='word_1_39' title='bbox 243 1178 312 1251; x_wconf 89' lang='lat' dir='ltr'>bus</span> <span class='ocrx_word' id='word_1_40' title='bbox 331 1177 472 1275; x_wconf 91' lang='lat' dir='ltr'>injuriis</span> <span class='ocrx_word' id='word_1_41' title='bbox 491 1176 668 1251; x_wconf 93' lang='lat' dir='ltr'>continuo</span> <span class='ocrx_word' id='word_1_42' title='bbox 683 1174 851 1259; x_wconf 86' lang='lat' dir='ltr'>afficitur,</span> <span class='ocrx_word' id='word_1_43' title='bbox 868 1173 1077 1272; x_wconf 90' lang='lat' dir='ltr'>horumque</span> <span class='ocrx_word' id='word_1_44' title='bbox 1095 1192 1267 1250; x_wconf 84' lang='lat' dir='ltr'>auctores</span> <span class='ocrx_word' id='word_1_45' title='bbox 1282 1173 1503 1272; x_wconf 86' lang='lat' dir='ltr'>impunitate</span> 
     </span>
     <span class='ocr_line' id='line_1_7' title="bbox 243 1293 654 1395; baseline -0.007 -26"><span class='ocrx_word' id='word_1_46' title='bbox 243 1295 410 1395; x_wconf 84' lang='lat' dir='ltr'>gaudent</span> <span class='ocrx_word' id='word_1_47' title='bbox 427 1293 654 1369; x_wconf 88' lang='lat' dir='ltr'>omnimoda.</span> 
     </span>
    </p>

    <p class='ocr_par' dir='ltr' id='par_1_4' title="bbox 244 1410 1503 1727">
     <span class='ocr_line' id='line_1_8' title="bbox 295 1410 1503 1511; baseline -0.004 -23"><span class='ocrx_word' id='word_1_48' title='bbox 295 1413 579 1511; x_wconf 89' lang='lat' dir='ltr'>Ephemerides,</span> <span class='ocrx_word' id='word_1_49' title='bbox 608 1412 774 1509; x_wconf 84' lang='lat' dir='ltr'>picturae,</span> <span class='ocrx_word' id='word_1_50' title='bbox 804 1411 999 1496; x_wconf 87' lang='lat' dir='ltr'>cantilena,</span> <span class='ocrx_word' id='word_1_51' title='bbox 1020 1411 1210 1486; x_wconf 91' lang='lat' dir='ltr'>orationes</span> <span class='ocrx_word' id='word_1_52' title='bbox 1236 1410 1395 1508; x_wconf 73' lang='lat' dir='ltr'>publicae</span> <span class='ocrx_word' id='word_1_53' title='bbox 1425 1436 1503 1485; x_wconf 91' lang='lat' dir='ltr'>cer·</span> 
     </span>
     <span class='ocr_line' id='line_1_9' title="bbox 244 1529 1502 1633; baseline -0.001 -25"><span class='ocrx_word' id='word_1_54' title='bbox 244 1536 348 1609; x_wconf 83' lang='lat' dir='ltr'>tatim</span> <span class='ocrx_word' id='word_1_55' title='bbox 386 1536 566 1608; x_wconf 90' lang='lat' dir='ltr'>Sanctum</span> <span class='ocrx_word' id='word_1_56' title='bbox 600 1535 749 1608; x_wconf 89' lang='lat' dir='ltr'>Patrem</span> <span class='ocrx_word' id='word_1_57' title='bbox 786 1533 1056 1631; x_wconf 81' lang='lat' dir='ltr'>blasphemant,</span> <span class='ocrx_word' id='word_1_58' title='bbox 1090 1535 1343 1631; x_wconf 86' lang='lat' dir='ltr'>praeeuntibus</span> <span class='ocrx_word' id='word_1_59' title='bbox 1376 1529 1502 1633; x_wconf 88' lang='lat' dir='ltr'>populi</span> 
     </span>
     <span class='ocr_line' id='line_1_10' title="bbox 244 1652 410 1727; baseline 0.012 -2"><span class='ocrx_word' id='word_1_60' title='bbox 244 1652 410 1727; x_wconf 90' lang='lat' dir='ltr'>ducibus.</span> 
     </span>
    </p>

    <p class='ocr_par' dir='ltr' id='par_1_5' title="bbox 244 1767 1507 2081">
     <span class='ocr_line' id='line_1_11' title="bbox 297 1767 1507 1869; baseline 0 -25"><span class='ocrx_word' id='word_1_61' title='bbox 297 1771 472 1845; x_wconf 88' lang='lat' dir='ltr'>Minister</span> <span class='ocrx_word' id='word_1_62' title='bbox 501 1769 684 1869; x_wconf 87' lang='lat' dir='ltr'>gubernii,</span> <span class='ocrx_word' id='word_1_63' title='bbox 718 1769 911 1856; x_wconf 90' lang='lat' dir='ltr'>Grimaldi‚</span> <span class='ocrx_word' id='word_1_64' title='bbox 933 1769 1100 1845; x_wconf 84' lang='lat' dir='ltr'>Viterbae</span> <span class='ocrx_word' id='word_1_65' title='bbox 1135 1770 1172 1843; x_wconf 94' lang='lat' dir='ltr'>in</span> <span class='ocrx_word' id='word_1_66' title='bbox 1209 1787 1308 1844; x_wconf 89' lang='lat' dir='ltr'>coetu</span> <span class='ocrx_word' id='word_1_67' title='bbox 1340 1767 1507 1866; x_wconf 70' lang='lat' dir='ltr'>publico,</span> 
     </span>
     <span class='ocr_line' id='line_1_12' title="bbox 250 1887 1504 1987; baseline 0 -25"><span class='ocrx_word' id='word_1_68' title='bbox 250 1911 290 1983; x_wconf 87' lang='lat'>15</span> <span class='ocrx_word' id='word_1_69' title='bbox 313 1889 474 1987; x_wconf 85' lang='lat' dir='ltr'>Augusti</span> <span class='ocrx_word' id='word_1_70' title='bbox 511 1891 615 1974; x_wconf 84' lang='lat'>18&#39;86,</span> <span class='ocrx_word' id='word_1_71' title='bbox 635 1888 802 1962; x_wconf 90' lang='lat' dir='ltr'>Leonem</span> <span class='ocrx_word' id='word_1_72' title='bbox 823 1887 927 1961; x_wconf 94' lang='lat' dir='ltr'>XIII</span> <span class='ocrx_word' id='word_1_73' title='bbox 952 1913 1086 1963; x_wconf 91' lang='lat' dir='ltr'>vocare</span> <span class='ocrx_word' id='word_1_74' title='bbox 1103 1913 1216 1962; x_wconf 92' lang='lat' dir='ltr'>ausus</span> <span class='ocrx_word' id='word_1_75' title='bbox 1234 1906 1292 1963; x_wconf 91' lang='lat' dir='ltr'>est</span> <span class='ocrx_word' id='word_1_76' title='bbox 1310 1888 1504 1962; x_wconf 83' lang='lat' dir='ltr'>inimicum</span> 
     </span>
     <span class='ocr_line' id='line_1_13' title="bbox 244 1993 1493 2081; baseline -0.001 -2"><span class='ocrx_word' id='word_1_77' title='bbox 244 2007 399 2081; x_wconf 74' lang='lat' dir='ltr'>Italicas</span> <span class='ocrx_word' id='word_1_78' title='bbox 1490 1993 1493 1996; x_wconf 8' lang='grc' dir='ltr'><em>Α</em></span> 
     </span>
    </p>

    <p class='ocr_par' dir='ltr' id='par_1_6' title="bbox 245 2118 1568 2334">
     <span class='ocr_line' id='line_1_14' title="bbox 295 2118 1495 2221; baseline 0 -27"><span class='ocrx_word' id='word_1_79' title='bbox 295 2120 469 2208; x_wconf 89' lang='lat' dir='ltr'>Treviso,</span> <span class='ocrx_word' id='word_1_80' title='bbox 493 2118 707 2214; x_wconf 90' lang='lat' dir='ltr'>30ctobris</span> <span class='ocrx_word' id='word_1_81' title='bbox 743 2119 912 2215; x_wconf 89' lang='lat' dir='ltr'>ejusdem</span> <span class='ocrx_word' id='word_1_82' title='bbox 944 2120 1041 2207; x_wconf 92' lang='lat' dir='ltr'>anni,</span> <span class='ocrx_word' id='word_1_83' title='bbox 1073 2120 1309 2195; x_wconf 70' lang='lat' dir='ltr'>err-minister</span> <span class='ocrx_word' id='word_1_84' title='bbox 1347 2120 1495 2221; x_wconf 90' lang='lat' dir='ltr'>Bonghi</span> 
     </span>
     <span class='ocr_line' id='line_1_15' title="bbox 245 2236 1568 2334; baseline 0.002 -24"><span class='ocrx_word' id='word_1_85' title='bbox 245 2236 392 2334; x_wconf 92' lang='lat' dir='ltr'>publice</span> <span class='ocrx_word' id='word_1_86' title='bbox 419 2263 504 2313; x_wconf 92' lang='lat' dir='ltr'>eum</span> <span class='ocrx_word' id='word_1_87' title='bbox 532 2237 734 2334; x_wconf 92' lang='lat' dir='ltr'>appellavit</span> <span class='ocrx_word' id='word_1_88' title='bbox 766 2262 952 2311; x_wconf 79' lang='lat' dir='ltr'>cancerem</span> <span class='ocrx_word' id='word_1_89' title='bbox 980 2238 1151 2312; x_wconf 80' lang='lat' dir='ltr'>nalzimz&#39;s.</span> <span class='ocrx_word' id='word_1_90' title='bbox 1567 2315 1568 2319; x_wconf 61' lang='grc'>,</span> 
     </span>
    </p>

    <p class='ocr_par' dir='ltr' id='par_1_7' title="bbox 245 2354 1504 2687">
     <span class='ocr_line' id='line_1_16' title="bbox 298 2354 1503 2454; baseline 0.002 -26"><span class='ocrx_word' id='word_1_91' title='bbox 298 2356 445 2442; x_wconf 86' lang='lat' dir='ltr'>Paduae,</span> <span class='ocrx_word' id='word_1_92' title='bbox 479 2379 526 2430; x_wconf 86' lang='lat'>20</span> <span class='ocrx_word' id='word_1_93' title='bbox 545 2354 779 2453; x_wconf 85' lang='lat' dir='ltr'>Septembris</span> <span class='ocrx_word' id='word_1_94' title='bbox 814 2358 916 2441; x_wconf 89' lang='lat'>1886,</span> <span class='ocrx_word' id='word_1_95' title='bbox 953 2355 1033 2428; x_wconf 90' lang='lat' dir='ltr'>Leo</span> <span class='ocrx_word' id='word_1_96' title='bbox 1050 2355 1155 2429; x_wconf 90' lang='lat' dir='ltr'>XIII</span> <span class='ocrx_word' id='word_1_97' title='bbox 1186 2355 1222 2429; x_wconf 94' lang='lat' dir='ltr'>in</span> <span class='ocrx_word' id='word_1_98' title='bbox 1258 2354 1384 2454; x_wconf 87' lang='lat' dir='ltr'>effigie</span> <span class='ocrx_word' id='word_1_99' title='bbox 1404 2381 1503 2431; x_wconf 94' lang='lat' dir='ltr'>com·</span> 
     </span>
     <span class='ocr_line' id='line_1_17' title="bbox 245 2472 1504 2569; baseline 0.004 -25"><span class='ocrx_word' id='word_1_100' title='bbox 245 2472 376 2546; x_wconf 92' lang='lat' dir='ltr'>bustus</span> <span class='ocrx_word' id='word_1_101' title='bbox 407 2491 486 2560; x_wconf 89' lang='lat' dir='ltr'>est;</span> <span class='ocrx_word' id='word_1_102' title='bbox 514 2490 760 2567; x_wconf 89' lang='lat' dir='ltr'>auctoresque</span> <span class='ocrx_word' id='word_1_103' title='bbox 786 2472 896 2569; x_wconf 91' lang='lat' dir='ltr'>hujus</span> <span class='ocrx_word' id='word_1_104' title='bbox 926 2472 1098 2546; x_wconf 79' lang='lat' dir='ltr'>facinoris</span> <span class='ocrx_word' id='word_1_105' title='bbox 1128 2473 1351 2559; x_wconf 89' lang='lat' dir='ltr'>atribunali‚</span> <span class='ocrx_word' id='word_1_106' title='bbox 1374 2499 1504 2549; x_wconf 89' lang='lat' dir='ltr'>mense</span> 
     </span>
     <span class='ocr_line' id='line_1_18' title="bbox 248 2588 1147 2687; baseline 0.001 -24"><span class='ocrx_word' id='word_1_107' title='bbox 248 2591 387 2664; x_wconf 90' lang='lat' dir='ltr'>Martio</span> <span class='ocrx_word' id='word_1_108' title='bbox 406 2590 588 2687; x_wconf 89' lang='lat' dir='ltr'>sequenti,</span> <span class='ocrx_word' id='word_1_109' title='bbox 609 2590 776 2664; x_wconf 88' lang='lat' dir='ltr'>insontes</span> <span class='ocrx_word' id='word_1_110' title='bbox 795 2588 969 2664; x_wconf 86' lang='lat' dir='ltr'>declarati</span> <span class='ocrx_word' id='word_1_111' title='bbox 990 2591 1147 2665; x_wconf 84' lang='lat' dir='ltr'>luerunt.</span> 
     </span>
    </p>

    <p class='ocr_par' dir='ltr' id='par_1_8' title="bbox 245 2708 1505 2927">
     <span class='ocr_line' id='line_1_19' title="bbox 298 2708 1505 2807; baseline 0 -24"><span class='ocrx_word' id='word_1_112' title='bbox 298 2710 540 2783; x_wconf 91' lang='lat' dir='ltr'>Nomentana</span> <span class='ocrx_word' id='word_1_113' title='bbox 570 2708 700 2782; x_wconf 88' lang='lat' dir='ltr'>minati</span> <span class='ocrx_word' id='word_1_114' title='bbox 736 2726 823 2783; x_wconf 91' lang='lat' dir='ltr'>sunt</span> <span class='ocrx_word' id='word_1_115' title='bbox 857 2709 1057 2783; x_wconf 88' lang='lat' dir='ltr'>Massones</span> <span class='ocrx_word' id='word_1_116' title='bbox 1089 2709 1347 2807; x_wconf 91' lang='lat' dir='ltr'>explosionem</span> <span class='ocrx_word' id='word_1_117' title='bbox 1378 2709 1505 2807; x_wconf 93' lang='lat' dir='ltr'>palatii</span> 
     </span>
     <span class='ocr_line' id='line_1_20' title="bbox 245 2824 1349 2927; baseline 0.001 -26"><span class='ocrx_word' id='word_1_118' title='bbox 245 2827 391 2901; x_wconf 89' lang='lat' dir='ltr'>Summi</span> <span class='ocrx_word' id='word_1_119' title='bbox 413 2825 614 2912; x_wconf 86' lang='lat' dir='ltr'>Pontificis,</span> <span class='ocrx_word' id='word_1_120' title='bbox 634 2851 749 2923; x_wconf 88' lang='lat' dir='ltr'>opere</span> <span class='ocrx_word' id='word_1_121' title='bbox 767 2825 931 2923; x_wconf 92' lang='lat' dir='ltr'>pulveris</span> <span class='ocrx_word' id='word_1_122' title='bbox 950 2827 1167 2925; x_wconf 89' lang='lat' dir='ltr'>dynamitici</span> <span class='ocrx_word' id='word_1_123' title='bbox 1186 2828 1275 2902; x_wconf 87' lang='lat' dir='ltr'>dicti</span> <span class='ocrx_word' id='word_1_124' title='bbox 1294 2824 1349 2927; x_wconf 84' lang='lat'><strong>(¹).</strong></span> 
     </span>
    </p>

    <p class='ocr_par' dir='ltr' id='par_1_9' title="bbox 245 2942 1504 3276">
     <span class='ocr_line' id='line_1_21' title="bbox 298 2942 1504 3042; baseline 0.001 -25"><span class='ocrx_word' id='word_1_125' title='bbox 298 2944 349 3017; x_wconf 91' lang='lat' dir='ltr'>Et</span> <span class='ocrx_word' id='word_1_126' title='bbox 369 2942 429 3018; x_wconf 93' lang='lat' dir='ltr'>ille</span> <span class='ocrx_word' id='word_1_127' title='bbox 445 2944 509 3041; x_wconf 92' lang='lat' dir='ltr'>qui</span> <span class='ocrx_word' id='word_1_128' title='bbox 527 2944 580 3016; x_wconf 92' lang='lat' dir='ltr'>sic</span> <span class='ocrx_word' id='word_1_129' title='bbox 599 2944 736 3039; x_wconf 91' lang='lat' dir='ltr'>probro</span> <span class='ocrx_word' id='word_1_130' title='bbox 756 2943 914 3023; x_wconf 84' lang='lat' dir='ltr'>habetur</span> <span class='ocrx_word' id='word_1_131' title='bbox 931 2964 990 3018; x_wconf 95' lang='lat' dir='ltr'>est</span> <span class='ocrx_word' id='word_1_132' title='bbox 1009 2969 1167 3042; x_wconf 91' lang='lat' dir='ltr'>magnus</span> <span class='ocrx_word' id='word_1_133' title='bbox 1194 2943 1254 3018; x_wconf 92' lang='lat' dir='ltr'>ille</span> <span class='ocrx_word' id='word_1_134' title='bbox 1282 2945 1371 3027; x_wconf 91' lang='lat' dir='ltr'>Leo,</span> <span class='ocrx_word' id='word_1_135' title='bbox 1392 2944 1504 3018; x_wconf 90' lang='lat' dir='ltr'>bene·</span> 
     </span>
     <span class='ocr_line' id='line_1_22' title="bbox 245 3060 1504 3161; baseline 0.002 -28"><span class='ocrx_word' id='word_1_136' title='bbox 245 3061 361 3136; x_wconf 87' lang='lat' dir='ltr'>Iactor</span> <span class='ocrx_word' id='word_1_137' title='bbox 380 3061 611 3159; x_wconf 90' lang='lat' dir='ltr'>populorum.</span> <span class='ocrx_word' id='word_1_138' title='bbox 637 3060 694 3135; x_wconf 90' lang='lat' dir='ltr'>Ita</span> <span class='ocrx_word' id='word_1_139' title='bbox 711 3079 749 3135; x_wconf 91' lang='lat' dir='ltr'>et</span> <span class='ocrx_word' id='word_1_140' title='bbox 769 3061 947 3159; x_wconf 88' lang='lat' dir='ltr'>magister</span> <span class='ocrx_word' id='word_1_141' title='bbox 965 3063 1046 3160; x_wconf 91' lang='lat' dir='ltr'>ejus</span> <span class='ocrx_word' id='word_1_142' title='bbox 1077 3061 1248 3136; x_wconf 91' lang='lat' dir='ltr'>Christus</span> <span class='ocrx_word' id='word_1_143' title='bbox 1280 3062 1327 3135; x_wconf 89' lang='lat' dir='ltr'>ab</span> <span class='ocrx_word' id='word_1_144' title='bbox 1357 3062 1504 3161; x_wconf 90' lang='lat' dir='ltr'>ingrata</span> 
     </span>
     <span class='ocr_line' id='line_1_23' title="bbox 246 3177 886 3276; baseline 0.002 -25"><span class='ocrx_word' id='word_1_145' title='bbox 246 3179 355 3276; x_wconf 91' lang='lat' dir='ltr'>plebe</span> <span class='ocrx_word' id='word_1_146' title='bbox 372 3197 558 3252; x_wconf 90' lang='lat' dir='ltr'>saturatus</span> <span class='ocrx_word' id='word_1_147' title='bbox 577 3177 645 3252; x_wconf 89' lang='lat' dir='ltr'>luit</span> <span class='ocrx_word' id='word_1_148' title='bbox 664 3179 886 3276; x_wconf 91' lang='lat' dir='ltr'>opprobriis.</span> 
     </span>
    </p>

    <p class='ocr_par' dir='ltr' id='par_1_10' title="bbox 244 3295 1510 4578">
     <span class='ocr_line' id='line_1_24' title="bbox 295 3295 1503 3396; baseline 0.002 -28"><span class='ocrx_word' id='word_1_149' title='bbox 295 3309 329 3371; x_wconf 88' lang='lat'>8.</span> <span class='ocrx_word' id='word_1_150' title='bbox 350 3306 371 3336; x_wconf 77' lang='lat'>‘⁸</span> <span class='ocrx_word' id='word_1_151' title='bbox 394 3296 597 3370; x_wconf 89' lang='lat' dir='ltr'>Neminem</span> <span class='ocrx_word' id='word_1_152' title='bbox 616 3295 707 3370; x_wconf 89' lang='lat' dir='ltr'>latet</span> <span class='ocrx_word' id='word_1_153' title='bbox 726 3295 882 3395; x_wconf 87' lang='lat' dir='ltr'>insignis</span> <span class='ocrx_word' id='word_1_154' title='bbox 903 3297 1075 3396; x_wconf 89' lang='lat' dir='ltr'>gubernii</span> <span class='ocrx_word' id='word_1_155' title='bbox 1096 3297 1290 3394; x_wconf 90' lang='lat' dir='ltr'>Subalpini</span> <span class='ocrx_word' id='word_1_156' title='bbox 1312 3320 1503 3373; x_wconf 71' lang='lat' dir='ltr'>tununen-</span> 
     </span>
     <span class='ocr_line' id='line_1_25' title="bbox 244 3413 1503 3514; baseline 0.005 -31"><span class='ocrx_word' id='word_1_157' title='bbox 244 3433 308 3485; x_wconf 78' lang='lat' dir='ltr'>rrn</span> <span class='ocrx_word' id='word_1_158' title='bbox 326 3429 364 3486; x_wconf 92' lang='lat' dir='ltr'>et</span> <span class='ocrx_word' id='word_1_159' title='bbox 384 3434 616 3498; x_wconf 79' lang='lat' dir='ltr'>urrocrusrs,</span> <span class='ocrx_word' id='word_1_160' title='bbox 637 3433 710 3510; x_wconf 90' lang='lat' dir='ltr'>qua</span> <span class='ocrx_word' id='word_1_161' title='bbox 729 3413 777 3486; x_wconf 93' lang='lat' dir='ltr'>ad</span> <span class='ocrx_word' id='word_1_162' title='bbox 797 3413 1036 3488; x_wconf 89' lang='lat' dir='ltr'>minuendam</span> <span class='ocrx_word' id='word_1_163' title='bbox 1060 3414 1251 3514; x_wconf 80' lang='lat' dir='ltr'>sacrilegae</span> <span class='ocrx_word' id='word_1_164' title='bbox 1269 3415 1379 3514; x_wconf 89' lang='lat' dir='ltr'>hujus</span> <span class='ocrx_word' id='word_1_165' title='bbox 1398 3441 1503 3490; x_wconf 91' lang='lat' dir='ltr'>usur·</span> 
     </span>
     <span class='ocr_line' id='line_1_26' title="bbox 244 3529 1504 3628; baseline 0.006 -27"><span class='ocrx_word' id='word_1_166' title='bbox 244 3529 404 3626; x_wconf 91' lang='lat' dir='ltr'>pationis</span> <span class='ocrx_word' id='word_1_167' title='bbox 436 3529 625 3616; x_wconf 91' lang='lat' dir='ltr'>invidiam,</span> <span class='ocrx_word' id='word_1_168' title='bbox 653 3531 797 3628; x_wconf 90' lang='lat' dir='ltr'>jactare</span> <span class='ocrx_word' id='word_1_169' title='bbox 823 3556 897 3604; x_wconf 94' lang='lat' dir='ltr'>non</span> <span class='ocrx_word' id='word_1_170' title='bbox 926 3532 1112 3606; x_wconf 89' lang='lat' dir='ltr'>dubitavit</span> <span class='ocrx_word' id='word_1_171' title='bbox 1145 3558 1185 3607; x_wconf 91' lang='lat' dir='ltr'>se</span> <span class='ocrx_word' id='word_1_172' title='bbox 1212 3531 1292 3606; x_wconf 90' lang='lat' dir='ltr'>illas</span> <span class='ocrx_word' id='word_1_173' title='bbox 1320 3534 1504 3608; x_wconf 90' lang='lat' dir='ltr'>invasisse</span> 
     </span>
     <span class='ocr_line' id='line_1_27' title="bbox 245 3646 1504 3744; baseline 0.005 -26"><span class='ocrx_word' id='word_1_174' title='bbox 245 3646 456 3742; x_wconf 90' lang='lat' dir='ltr'>provincias</span> <span class='ocrx_word' id='word_1_175' title='bbox 475 3665 514 3720; x_wconf 93' lang='lat' dir='ltr'>ut</span> <span class='ocrx_word' id='word_1_176' title='bbox 533 3647 712 3744; x_wconf 90' lang='lat' dir='ltr'>principia</span> <span class='ocrx_word' id='word_1_177' title='bbox 732 3648 881 3720; x_wconf 90' lang='lat' dir='ltr'>moralis</span> <span class='ocrx_word' id='word_1_178' title='bbox 912 3648 1053 3722; x_wconf 91' lang='lat' dir='ltr'>ordinis</span> <span class='ocrx_word' id='word_1_179' title='bbox 1082 3650 1131 3742; x_wconf 86' lang='lat' dir='ltr'>ibi</span> <span class='ocrx_word' id='word_1_180' title='bbox 1162 3651 1384 3739; x_wconf 90' lang='lat' dir='ltr'>restitueret,</span> <span class='ocrx_word' id='word_1_181' title='bbox 1414 3651 1504 3724; x_wconf 93' lang='lat' dir='ltr'>dum</span> 
     </span>
     <span class='ocr_line' id='line_1_28' title="bbox 245 3766 1502 3866; baseline 0.002 -27"><span class='ocrx_word' id='word_1_182' title='bbox 245 3785 370 3839; x_wconf 91' lang='lat' dir='ltr'>tamen</span> <span class='ocrx_word' id='word_1_183' title='bbox 398 3767 520 3864; x_wconf 89' lang='lat' dir='ltr'>reipsa</span> <span class='ocrx_word' id='word_1_184' title='bbox 550 3767 687 3864; x_wconf 91' lang='lat' dir='ltr'>ubique</span> <span class='ocrx_word' id='word_1_185' title='bbox 715 3766 817 3841; x_wconf 87' lang='lat' dir='ltr'>lalsae</span> <span class='ocrx_word' id='word_1_186' title='bbox 846 3769 1026 3866; x_wconf 85' lang='lat' dir='ltr'>cujusque</span> <span class='ocrx_word' id='word_1_187' title='bbox 1057 3769 1237 3843; x_wconf 80' lang='lat' dir='ltr'>doctrinae</span> <span class='ocrx_word' id='word_1_188' title='bbox 1266 3768 1502 3843; x_wconf 82' lang='lat' dir='ltr'>diffusionem</span> 
     </span>
     <span class='ocr_line' id='line_1_29' title="bbox 245 3883 1503 3983; baseline 0.004 -27"><span class='ocrx_word' id='word_1_189' title='bbox 245 3883 459 3980; x_wconf 91' lang='lat' dir='ltr'>cultumque</span> <span class='ocrx_word' id='word_1_190' title='bbox 479 3885 676 3981; x_wconf 89' lang='lat' dir='ltr'>promovit,</span> <span class='ocrx_word' id='word_1_191' title='bbox 692 3884 830 3982; x_wconf 93' lang='lat' dir='ltr'>ubique</span> <span class='ocrx_word' id='word_1_192' title='bbox 848 3885 1113 3981; x_wconf 90' lang='lat' dir='ltr'>cupiditatibus</span> <span class='ocrx_word' id='word_1_193' title='bbox 1132 3904 1170 3961; x_wconf 91' lang='lat' dir='ltr'>et</span> <span class='ocrx_word' id='word_1_194' title='bbox 1190 3887 1370 3983; x_wconf 90' lang='lat' dir='ltr'>impietati</span> <span class='ocrx_word' id='word_1_195' title='bbox 1390 3885 1503 3961; x_wconf 90' lang='lat' dir='ltr'>habe·</span> 
     </span>
     <span class='ocr_line' id='line_1_30' title="bbox 246 3999 1503 4103; baseline 0.004 -31"><span class='ocrx_word' id='word_1_196' title='bbox 246 4026 312 4073; x_wconf 93' lang='lat' dir='ltr'>nas</span> <span class='ocrx_word' id='word_1_197' title='bbox 331 3999 480 4088; x_wconf 88' lang='lat' dir='ltr'>laxavit,</span> <span class='ocrx_word' id='word_1_198' title='bbox 501 4001 704 4103; x_wconf 89' lang='lat' dir='ltr'>immeritas</span> <span class='ocrx_word' id='word_1_199' title='bbox 722 4003 834 4075; x_wconf 91' lang='lat' dir='ltr'>etiam</span> <span class='ocrx_word' id='word_1_200' title='bbox 852 4027 983 4099; x_wconf 86' lang='lat' dir='ltr'>poenas</span> <span class='ocrx_word' id='word_1_201' title='bbox 1002 4028 1153 4077; x_wconf 91' lang='lat' dir='ltr'>sumens</span> <span class='ocrx_word' id='word_1_202' title='bbox 1172 4004 1220 4078; x_wconf 94' lang='lat' dir='ltr'>de</span> <span class='ocrx_word' id='word_1_203' title='bbox 1249 4003 1373 4078; x_wconf 84' lang='lat' dir='ltr'>Sacris</span> <span class='ocrx_word' id='word_1_204' title='bbox 1393 4004 1503 4077; x_wconf 87' lang='lat' dir='ltr'>Anti·</span> 
     </span>
     <span class='ocr_line' id='line_1_31' title="bbox 245 4119 1503 4222; baseline 0.002 -28"><span class='ocrx_word' id='word_1_205' title='bbox 245 4122 404 4206; x_wconf 90' lang='lat' dir='ltr'>stitibus,</span> <span class='ocrx_word' id='word_1_206' title='bbox 433 4123 481 4197; x_wconf 93' lang='lat' dir='ltr'>de</span> <span class='ocrx_word' id='word_1_207' title='bbox 502 4119 775 4197; x_wconf 86' lang='lat' dir='ltr'>Ecclesiasticis</span> <span class='ocrx_word' id='word_1_208' title='bbox 810 4125 989 4222; x_wconf 90' lang='lat' dir='ltr'>cujusque</span> <span class='ocrx_word' id='word_1_209' title='bbox 1024 4124 1162 4220; x_wconf 87' lang='lat' dir='ltr'>gradus</span> <span class='ocrx_word' id='word_1_210' title='bbox 1198 4123 1297 4210; x_wconf 90' lang='lat' dir='ltr'>viris,</span> <span class='ocrx_word' id='word_1_211' title='bbox 1334 4148 1429 4220; x_wconf 91' lang='lat' dir='ltr'>quos</span> <span class='ocrx_word' id='word_1_212' title='bbox 1465 4122 1503 4197; x_wconf 92' lang='lat' dir='ltr'>in</span> 
     </span>
     <span class='ocr_line' id='line_1_32' title="bbox 246 4240 1501 4339; baseline 0.001 -25"><span class='ocrx_word' id='word_1_213' title='bbox 246 4242 451 4315; x_wconf 88' lang='lat' dir='ltr'>custodiam</span> <span class='ocrx_word' id='word_1_214' title='bbox 471 4242 643 4339; x_wconf 90' lang='lat' dir='ltr'>abripuit,</span> <span class='ocrx_word' id='word_1_215' title='bbox 673 4261 711 4317; x_wconf 94' lang='lat' dir='ltr'>et</span> <span class='ocrx_word' id='word_1_216' title='bbox 741 4240 896 4339; x_wconf 91' lang='lat' dir='ltr'>publicis</span> <span class='ocrx_word' id='word_1_217' title='bbox 921 4242 1155 4317; x_wconf 91' lang='lat' dir='ltr'>contumeliis</span> <span class='ocrx_word' id='word_1_218' title='bbox 1174 4243 1302 4317; x_wconf 85' lang='lat' dir='ltr'>vexari</span> <span class='ocrx_word' id='word_1_219' title='bbox 1323 4242 1501 4339; x_wconf 87' lang='lat' dir='ltr'>permisit,</span> 
     </span>
     <span class='ocr_line' id='line_1_33' title="bbox 246 4359 1510 4457; baseline 0 -25"><span class='ocrx_word' id='word_1_220' title='bbox 246 4385 329 4433; x_wconf 92' lang='lat' dir='ltr'>cum</span> <span class='ocrx_word' id='word_1_221' title='bbox 359 4361 499 4434; x_wconf 93' lang='lat' dir='ltr'>interea</span> <span class='ocrx_word' id='word_1_222' title='bbox 527 4361 811 4435; x_wconf 86' lang='lat' dir='ltr'>insectatoribus</span> <span class='ocrx_word' id='word_1_223' title='bbox 840 4380 877 4435; x_wconf 91' lang='lat' dir='ltr'>et</span> <span class='ocrx_word' id='word_1_224' title='bbox 906 4361 959 4448; x_wconf 91' lang='lat' dir='ltr'>iis,</span> <span class='ocrx_word' id='word_1_225' title='bbox 988 4361 1118 4457; x_wconf 92' lang='lat' dir='ltr'>quine</span> <span class='ocrx_word' id='word_1_226' title='bbox 1148 4360 1321 4457; x_wconf 88' lang='lat' dir='ltr'>Supremi</span> <span class='ocrx_word' id='word_1_227' title='bbox 1349 4359 1510 4456; x_wconf 90' lang='lat' dir='ltr'>quidem</span> 
     </span>
     <span class='ocr_line' id='line_1_34' title="bbox 250 4477 1502 4578; baseline 0.001 -26"><span class='ocrx_word' id='word_1_228' title='bbox 250 4478 490 4553; x_wconf 86' lang='lat' dir='ltr'>Pontificatus</span> <span class='ocrx_word' id='word_1_229' title='bbox 509 4481 680 4578; x_wconf 84' lang='lat' dir='ltr'>dignitati</span> <span class='ocrx_word' id='word_1_230' title='bbox 699 4481 910 4577; x_wconf 89' lang='lat' dir='ltr'>parcebant,</span> <span class='ocrx_word' id='word_1_231' title='bbox 933 4481 1084 4578; x_wconf 92' lang='lat' dir='ltr'>impune</span> <span class='ocrx_word' id='word_1_232' title='bbox 1102 4507 1186 4555; x_wconf 89' lang='lat' dir='ltr'>esse</span> <span class='ocrx_word' id='word_1_233' title='bbox 1204 4497 1393 4577; x_wconf 90' lang='lat' dir='ltr'>pateretur</span> <span class='ocrx_word' id='word_1_234' title='bbox 1409 4477 1462 4578; x_wconf 84' lang='lat'><strong>(²).</strong></span> <span class='ocrx_word' id='word_1_235' title='bbox 1483 4478 1502 4506; x_wconf 88' lang='lat'>’&#39;</span> 
     </span>
    </p>
   </div>
   <div class='ocr_carea' id='block_1_3' title="bbox 249 4597 1121 4776">
    <p class='ocr_par' dir='ltr' id='par_1_11' title="bbox 249 4597 1121 4776">
     <span class='ocr_line' id='line_1_35' title="bbox 249 4597 1121 4696; baseline 0.005 -19"><span class='ocrx_word' id='word_1_236' title='bbox 249 4597 307 4679; x_wconf 34' lang='lat'>⁸1.</span> <span class='ocrx_word' id='word_1_237' title='bbox 328 4600 507 4691; x_wconf 82' lang='lat' dir='ltr'>Vennelrens‚</span> <span class='ocrx_word' id='word_1_238' title='bbox 523 4625 614 4680; x_wconf 55' lang='lat' dir='ltr'>Nares.</span> <span class='ocrx_word' id='word_1_239' title='bbox 628 4627 712 4679; x_wconf 79' lang='lat' dir='ltr'>d&#39;une</span> <span class='ocrx_word' id='word_1_240' title='bbox 725 4633 788 4680; x_wconf 81' lang='lat' dir='ltr'>rest.</span> <span class='ocrx_word' id='word_1_241' title='bbox 801 4627 840 4678; x_wconf 87' lang='lat' dir='ltr'>du</span> <span class='ocrx_word' id='word_1_242' title='bbox 848 4631 937 4696; x_wconf 76' lang='lat' dir='ltr'>pouv.</span> <span class='ocrx_word' id='word_1_243' title='bbox 952 4632 1043 4696; x_wconf 63' lang='lat' dir='ltr'>temp„</span> <span class='ocrx_word' id='word_1_244' title='bbox 1056 4643 1082 4696; x_wconf 90' lang='lat' dir='ltr'>p.</span> <span class='ocrx_word' id='word_1_245' title='bbox 1097 4628 1121 4682; x_wconf 92' lang='lat'>8.</span> 
     </span>
     <span class='ocr_line' id='line_1_36' title="bbox 283 4704 868 4776; baseline 0.007 -20"><span class='ocrx_word' id='word_1_246' title='bbox 283 4718 306 4757; x_wconf 88' lang='lat'>2.</span> <span class='ocrx_word' id='word_1_247' title='bbox 328 4704 453 4773; x_wconf 85' lang='lat' dir='ltr'>Encycl.,</span> <span class='ocrx_word' id='word_1_248' title='bbox 467 4706 658 4776; x_wconf 74' lang='lat' dir='ltr'>Respicientes,</span> <span class='ocrx_word' id='word_1_249' title='bbox 675 4721 685 4759; x_wconf 86' lang='lat'>1</span> <span class='ocrx_word' id='word_1_250' title='bbox 702 4706 775 4760; x_wconf 83' lang='lat' dir='ltr'>Nor.</span> <span class='ocrx_word' id='word_1_251' title='bbox 792 4705 868 4774; x_wconf 87' lang='lat'>1870.</span> 
     </span>
    </p>
   </div>
   <div class='ocr_carea' id='block_1_4' title="bbox 0 0 1755 5482">
    <p class='ocr_par' dir='ltr' id='par_1_12' title="bbox 0 0 1755 5482">
     <span class='ocr_line' id='line_1_37' title="bbox 0 0 1755 5482; baseline 0 0"><span class='ocrx_word' id='word_1_252' title='bbox 0 0 1755 5482; x_wconf 95' lang='lat' dir='ltr'> </span> 
     </span>
    </p>
   </div>
  </div>
 </body>
</html>
