3496 5482
699 543 821 594 carun
848 545 1055 597 summum.
1437 547 1502 619 171

249 717 430 776 ettotam
457 701 618 777 Romam
654 703 825 779 Pontifici
849 705 978 780 sedem
1012 705 1257 795 affirmabant,
1284 728 1397 808 caput
1431 719 1515 785 e'sse

248 843 369 894 novae
397 821 598 916 impietatis
623 821 764 910 volunt,
780 822 843 897 ubi
862 824 995 899 rationi
1014 823 1199 901 humanae
1211 819 1314 902 velut
1331 829 1368 903 in
1387 828 1516 903 divino

247 937 396 1037 fastigio
414 936 567 1036 positae,
588 937 709 1013 cultus
721 940 944 1016 adhibeatur
960 942 1143 1018 absurdus
1162 961 1200 1019 et
1218 970 1367 1043 procax.

302 1056 357 1157 (5)
382 1067 401 1096 “
420 1059 456 1132 Α
471 1075 573 1132 metu
588 1075 626 1133 et
645 1057 808 1156 periculo
820 1085 867 1134 ne
884 1085 1044 1158 persona
1063 1062 1214 1159 quidem
1229 1063 1336 1139 abest
1364 1083 1516 1140 nostra:

255 1202 365 1251 nemo
384 1176 483 1252 enim
503 1202 598 1251 unus
617 1176 774 1276 ignorat,
789 1203 968 1274 quorsum
995 1179 1210 1278 conspirent
1229 1182 1371 1279 quidve
1383 1200 1516 1280 petant

253 1297 424 1373 homines
465 1298 709 1395 pessimarum
746 1297 928 1395 partium;
968 1324 1036 1372 nec
1072 1301 1274 1396 quisquam
1322 1320 1379 1377 est
1425 1304 1514 1401 quin

252 1416 378 1490 videat
413 1440 479 1489 eos
531 1415 632 1511 ipsos
671 1415 862 1490 decretum
909 1414 1048 1490 habere
1084 1441 1159 1490 non
1191 1435 1280 1492 ante
1307 1421 1510 1514 quiescere,

254 1560 367 1634 quam
387 1561 445 1610 res
464 1536 511 1608 ad
526 1553 735 1609 extremum
755 1560 882 1609 casum
902 1536 1180 1633 perniciemque
1201 1537 1509 1636 compulerint3...
1565 1528 1569 1539 ¹
1631 1638 1635 1647 Ι

256 1652 418 1727 maxime
429 1654 529 1751 quod
543 1655 583 1727 in
600 1678 726 1727 eorum
751 1678 877 1727 sumus
886 1662 1073 1750 potestate,
1091 1655 1155 1758 qui
1183 1680 1252 1730 nec
1268 1674 1447 1731 verentur
1460 1657 1513 1731 sic

247 1771 431 1846 criminari
451 1771 534 1845 Nos
552 1770 709 1868 publice,
727 1771 833 1868 quasi
849 1771 999 1847 inimico
1015 1790 1130 1869 atque
1147 1772 1292 1848 oflenso
1311 1775 1348 1848 in
1365 1774 1512 1850 Italicas

256 1914 315 1964 res
333 1889 458 1964 animo
472 1914 652 1964 essemus.
691 1873 693 1879 ’

301 2005 359 2108 (6)
380 2018 401 2047 “
431 2007 514 2083 Nec
542 2006 664 2082 minus
692 2006 934 2082 metuendum
962 2026 1031 2094 est,
1054 2033 1101 2082 ne
1125 2009 1293 2105 proiecta
1320 2010 1369 2085 ad
1397 2036 1512 2087 omne

252 2127 393 2202 lacinus
417 2126 572 2200 audacia
586 2125 815 2224 perditorum
835 2124 1027 2200 hominum
1043 2125 1371 2226 inflammataeque
1391 2128 1510 2203 libidi-

248 2270 323 2331 nes,
346 2270 419 2319 non
439 2270 558 2343 aeque
577 2269 726 2340 semper
743 2243 905 2318 coerceri
920 2244 1067 2341 possint
1098 2263 1137 2319 et
1157 2246 1348 2345 restingui,
1365 2247 1396 2321 si
1415 2247 1511 2322 sorte

248 2382 417 2460 tempora
457 2362 652 2437 inciderint
693 2361 812 2461 magis
841 2361 1083 2437 formidolosa
1117 2382 1154 2436 et
1183 2363 1406 2452 turbulenta,
1440 2391 1511 2441 seu

249 2500 402 2580 propter
432 2480 560 2556 civiles
590 2480 716 2555 turbas
747 2505 946 2578 rerumque
975 2479 1207 2578 publicarum
1231 2485 1508 2572 conversiones,

249 2627 315 2676 seu
336 2620 489 2700 propter
507 2618 630 2675 motus
644 2600 952 2698 calamitatesque
972 2600 1165 2676 bellorum.
1187 2601 1205 2630 '¹

298 2721 439 2796 Merito
453 2720 616 2816 denique
634 2717 821 2794 concludit
841 2706 1030 2794 Sanctitas
1050 2719 1127 2794 Sua
1144 2747 1152 2794 :
1167 2730 1189 2761 ‘⁶
1206 2720 1264 2795 lta
1277 2747 1323 2797 eo
1337 2725 1510 2800 testatius

243 2859 408 2936 apparet,
435 2864 531 2937 quae
562 2840 714 2915 demum
746 2837 911 2912 conditio
942 2858 1069 2914 teneat
1098 2865 1284 2914 summum
1315 2841 1510 2920 Ecclesiae

241 2976 362 3053 caput,
392 2958 584 3031 Pastorem
604 2976 641 3031 et
663 2957 890 3053 Magistrum
909 2955 1079 3030 catholici
1096 2958 1257 3033 nominis
1293 2957 1381 3059 (¹).·'’

294 3089 356 3154 24.
389 3074 717 3150 Praevalueruntne
739 3099 830 3172 ergo
863 3093 980 3170 portae
1008 3075 1114 3149 inseri
1151 3077 1333 3154 adversus
1357 3080 1505 3154 Petram

242 3223 354 3295 supra
372 3222 484 3295 quam
508 3196 680 3271 Christus
701 3195 870 3270 fundavit
889 3220 994 3269 suam
1012 3195 1221 3271 Ecclesiam
1241 3197 1256 3271 ?
1274 3243 1323 3254 —
1348 3198 1507 3273 Minime

243 3343 344 3392 vero.

297 3435 383 3510 Hoc
412 3458 568 3533 regnum
591 3433 847 3508 Massonicum
872 3434 908 3506 vi
930 3454 968 3509 et
984 3434 1113 3509 sraude
1135 3435 1270 3509 Romae
1295 3435 1503 3523 fundatum,

241 3555 371 3652 spiritu
399 3573 436 3629 et
455 3554 580 3627 animo
598 3579 666 3628 suo
691 3571 808 3628 totam
836 3554 1027 3650 Europam
1054 3553 1278 3650 pervadens,
1306 3553 1342 3627 in
1362 3554 1504 3628 intimis

238 3672 443 3745 visceribus
458 3672 537 3770 jam
556 3697 663 3744 suum
684 3670 916 3744 reconditum
944 3670 1057 3745 habet
1087 3670 1345 3746 dissolutionis
1370 3672 1503 3768 princi·

232 3789 356 3885 pium:
371 3790 505 3864 Omnes
517 3790 614 3862 enim
624 3791 694 3886 qui
707 3790 911 3884 acceperint
921 3790 1097 3885 gladium
1104 3791 1235 3887 gladio
1245 3790 1424 3887 peribunt
1442 3788 1496 3891 (²).

292 3907 484 4002 Quantum
518 3933 641 3980 nonne
668 3907 782 3979 distat
800 3931 822 3978 a
840 3906 1035 4002 temporali
1051 3907 1112 3981 illo
1135 3908 1174 3981 B.
1200 3908 1299 3981 Petri
1322 3907 1502 3982 Dominio

240 4025 417 4124 singulari
428 4023 677 4099 Providentiae
689 4025 827 4098 divinae
839 4025 993 4098 consilio
1009 4025 1153 4100 fortiter
1165 4044 1202 4100 et
1217 4027 1382 4101 suaviter
1393 4026 1500 4101 ellor-

241 4145 364 4218 mato!
388 4144 474 4216 Hoc
486 4143 708 4216 suavissima
720 4143 912 4238 persuasio
924 4162 961 4215 et
978 4142 1207 4217 benevolens
1219 4144 1380 4217 charitas
1392 4143 1500 4220 dulce

239 4263 539 4346 efformaverunt,
574 4259 661 4334 illud
694 4260 871 4335 violentia
900 4281 936 4336 et
967 4262 1207 4336 homicidium
1226 4263 1497 4352 condiderunt;

238 4380 309 4454 hoc
327 4380 374 4453 ad
395 4377 634 4452 stabilitatem
660 4403 765 4451 suam
790 4379 919 4452 nititur
937 4398 974 4452 et
993 4379 1130 4453 divinis
1149 4398 1186 4454 et
1207 4379 1380 4454 humanis
1399 4381 1496 4478 prin·

278 4637 298 4676 1.
312 4623 401 4676 Alloc.
416 4622 459 4675 De
470 4624 552 4691 signo
561 4623 655 4674 Roma
668 4621 768 4674 ano
780 4629 873 4676 erecto.
889 4637 923 4690 30
934 4624 998 4691 Jun.
1016 4624 1091 4691 1889.

275 4717 299 4756 2.
314 4703 410 4769 ΜΛΔ,
423 4714 509 4769 xxvi,
525 4715 565 4769 52·
