3496 5482
550 562 674 613 CAPUT
700 561 880 612 DECIMUM
907 560 1092 612 TERTIUM.
1379 564 1451 634 309

196 751 283 800 num
304 723 553 811 conserentiae,
573 723 644 798 hoc
663 742 700 799 et
718 722 836 798 multo
858 721 995 820 aliquid
1014 721 1135 821 majus
1161 741 1248 800 sunt
1267 724 1302 799 in
1322 723 1453 800 ordine
1474 709 1479 718 ¹

192 842 372 943 spirituali
390 860 428 917 et
446 843 559 919 etiam
578 841 615 917 in
634 841 764 917 ordine
791 839 919 916 morali
934 859 1048 939 atque
1065 839 1163 916 civili
1182 841 1337 918 concilia
1355 868 1453 918 oecu-

192 965 346 1042 menica.

249 1085 305 1160 lbi
320 1083 419 1159 enim
438 1083 571 1159 sedent
589 1081 755 1156 seniores
774 1078 901 1178 populi
928 1078 1128 1165 christiani,
1153 1079 1333 1178 Episcopi
1360 1105 1452 1179 quos

196 1204 319 1302 posuit
339 1203 501 1302 Spiritus
522 1201 683 1277 Sanctus
698 1225 828 1299 regere
849 1197 1058 1273 Ecclesiam
1081 1197 1165 1286 Dei,
1180 1196 1217 1272 in
1238 1224 1353 1273 unum
1367 1222 1454 1273 con·

192 1322 338 1423 gregati
352 1347 435 1396 cum
449 1320 591 1419 Spiritu
606 1320 747 1396 Sancto
761 1336 798 1396 et
812 1345 895 1394 cum
918 1318 1057 1395 Christi
1073 1318 1223 1395 Vicario
1253 1316 1432 1394 infallibili
1448 1344 1456 1392 :

196 1441 297 1537 quod
337 1440 541 1517 decernunt
570 1464 700 1514 verum
734 1453 793 1512 est
819 1453 857 1512 et
896 1437 1047 1525 bonum,
1073 1437 1160 1536 quia
1203 1436 1277 1513 tale
1306 1435 1456 1514 videtur

198 1560 354 1658 Spiritui
377 1561 518 1637 Sancto
536 1576 574 1633 et
592 1556 845 1654 sibimetipsis.

251 1679 302 1754 Et
320 1678 532 1779 quiahomo
549 1695 607 1753 est
626 1676 806 1772 imprimis
825 1700 892 1750 ens
906 1674 1045 1750 morale
1063 1676 1163 1772 quod
1177 1674 1357 1777 religione
1369 1673 1457 1751 diri·

193 1797 232 1897 gi
261 1815 419 1894 oportet,
451 1795 536 1871 ideo
564 1794 773 1871 decisiones
804 1793 949 1868 concilii
977 1794 1198 1870 oecumenici
1229 1819 1458 1896 magnopere

199 1934 354 2014 prosunt
368 1915 544 1990 moribus.

248 2036 300 2111 Et
322 2036 410 2134 quia
432 2031 638 2132 temporale
668 2031 835 2129 sequitur
862 2029 1056 2126 spirituale
1085 2030 1180 2106 sicut
1209 2031 1456 2106 accessorium

196 2153 408 2252 principale,
452 2153 537 2227 ideo
572 2149 728 2225 concilia
771 2174 837 2247 per
872 2148 993 2224 bonos
1028 2175 1123 2247 quos
1165 2147 1296 2223 fovent
1335 2175 1458 2224 mores

196 2297 426 2369 magnopere
444 2290 599 2367 prosunt
614 2269 725 2344 etiam
741 2267 955 2366 progressui
973 2294 1072 2343 verae
1087 2266 1276 2343 civilitatis
1291 2285 1328 2342 et
1343 2268 1456 2365 pacis.

239 2391 424 2489 Oquanta
436 2391 535 2465 bona
545 2405 674 2489 posset
686 2385 855 2463 conferre
867 2386 934 2461 toti
948 2388 1112 2463 humano
1122 2388 1251 2486 generi
1264 2387 1458 2463 concilium

194 2509 416 2585 Vaticanum
439 2510 469 2585 si
496 2525 622 2607 posset
639 2494 802 2605 ¹pacifice
829 2506 1066 2604 operationes
1094 2534 1179 2583 suas
1205 2507 1458 2582 reassumere!

246 2637 265 2668 ‘¹
278 2629 375 2726 Spes
401 2645 503 2704 certa
529 2625 741 2725 affulgebat,
762 2670 813 2682 -
837 2625 957 2723 inquit
988 2627 1075 2702 Pius
1106 2628 1164 2701 IX
1192 2627 1227 2701 in
1257 2626 1363 2701 Bulla
1399 2653 1458 2701 su·

197 2746 408 2844 spensionis
424 2747 462 2823 S.
478 2744 644 2831 Consilii,
665 2790 714 2800 —
733 2770 798 2819 eos
818 2743 957 2819 fructus
976 2771 1070 2843 quos
1089 2747 1334 2821 vehementer
1353 2766 1456 2845 opta·

196 2865 337 2952 bamus,
358 2866 394 2939 in
427 2863 634 2963 Religionis
666 2864 804 2937 bonum
835 2880 873 2937 et
904 2861 1084 2939 Ecclesiae
1113 2865 1198 2951 Dei,
1219 2864 1459 2961 humaneque

197 2985 375 3059 societatis
399 2982 595 3058 utilitatem
623 3008 671 3056 ex
700 2980 762 3055 illo
792 2980 870 3055 iore
900 2978 1055 3056 feliciter
1081 2983 1356 3080 profuturos...
1380 2983 1457 3058 Sed

196 3102 377 3202 sacrilega
391 3121 544 3200 repente
565 3100 708 3174 invasio
726 3099 837 3199 hujus
851 3099 958 3173 almae
973 3100 1222 3186 Urbis‚Sedis
1241 3101 1404 3186 Nostrae,
1421 3118 1459 3175 et

199 3220 421 3320 reliquarum
442 3217 657 3317 temporalis
676 3236 813 3291 nostrae
836 3216 987 3291 ditionis
1008 3220 1212 3316 regionum,
1234 3245 1308 3317 qua
1330 3236 1460 3293 contra

199 3364 311 3415 omne
331 3339 385 3413 ias
403 3336 522 3413 civilis
544 3336 674 3411 Nostri
694 3355 732 3410 et
755 3336 984 3431 Apostolicae
1008 3337 1117 3412 Sedis
1149 3337 1383 3435 Principatus
1408 3338 1460 3411 in·

200 3481 379 3532 concussa
393 3458 477 3556 jura
498 3453 703 3530 incredibili
719 3453 872 3550 perfidia
897 3473 934 3528 et
953 3455 1108 3529 audacia
1130 3456 1269 3531 violata
1296 3476 1393 3541 sunt,
1423 3456 1460 3530 in

200 3600 282 3649 eam
305 3574 389 3650 Nos
408 3600 530 3649 rerum
550 3572 802 3649 conditionem
822 3572 990 3671 conjecit,
1009 3592 1048 3649 ut
1066 3574 1137 3648 sub
1150 3573 1275 3649 hostili
1294 3575 1461 3651 domina·

202 3691 304 3768 tione
334 3710 372 3767 et
403 3710 599 3788 potestate,
622 3689 771 3787 penitus
798 3690 989 3764 constituti
1009 3691 1172 3767 simus...
1199 3693 1342 3768 Idcirco
1364 3693 1459 3781 Nos,

202 3835 248 3884 eo
267 3835 326 3884 res
353 3809 543 3897 adductas,
565 3833 703 3906 magno
721 3832 805 3880 cum
824 3809 938 3883 animi
971 3809 1102 3885 Nostri
1135 3836 1295 3887 moerore
1315 3812 1461 3909 ¹perspi·

203 3929 355 4014 cientes,
376 3928 548 4001 Vaticani
563 3924 783 4015 oecumenici
802 3926 946 4001 concilii
966 3926 1255 4003 celebrationem
1275 3927 1461 4027 usquead

204 4047 302 4122 aliud
322 4047 566 4146 opportunius
586 4063 623 4120 et
642 4041 875 4118 commodius
890 4063 1048 4143 tempus,
1070 4046 1244 4143 perhanc
1269 4046 1307 4121 S.
1322 4045 1462 4120 Sedem

205 4165 515 4240 declarandum...
537 4162 860 4260 suspendimus...,
885 4162 1009 4238 Deum
1039 4165 1295 4262 adprecantes,
1323 4165 1464 4240 Aucto·

206 4308 283 4358 rem
302 4301 340 4357 et
359 4282 555 4356 Vindicem
570 4279 750 4355 Ecclesiae
770 4305 856 4366 suae,
876 4299 917 4355 ut
929 4265 1118 4358 'submotis
1137 4283 1289 4358 tandem
1309 4283 1463 4380 impedi·

206 4399 340 4475 mentis
375 4399 558 4487 omnibus,
592 4398 750 4499 Sponsae
781 4423 858 4471 suae
893 4397 1119 4474 fidelissimas
1159 4402 1263 4476 ocius
1293 4401 1465 4477 restituat

207 4520 416 4596 libertatem
437 4545 479 4593 ac
498 4543 627 4616 pacem
648 4513 704 4616 (¹).
720 4513 737 4542 ’¹

1028 4657 1464 4670 --.-....-.......-ae—-—---—·-

249 4731 271 4773 1.
286 4716 357 4772 coll.
372 4717 459 4783 Latet,
470 4727 487 4771 t.
503 4719 571 4785 Vll,
583 4716 636 4770 col.
649 4729 710 4783 497.
