3496 5482
648 570 771 623 CAPUT
797 570 982 621 TERTIUM.
1399 556 1443 624 61

242 737 355 812 “Est
387 755 511 812 autern
547 733 641 812 fides
676 737 813 811 debita.
852 734 1069 810 Auctoritas
1101 733 1200 808 enim
1240 736 1447 835 magisterii

178 852 373 929 ‘Ecclesiae
391 872 449 930 est
467 854 667 930 auctoritas
681 853 962 952 jurisdictionis,
991 876 1065 948 qua
1092 851 1185 925 fides
1212 854 1447 951 praecipitur;

191 972 290 1046 unde
309 997 376 1047 nec
395 971 531 1060 sufficit
550 959 816 1070 obsequiosum
845 968 1043 1056 silentium,
1074 988 1114 1043 ut
1146 970 1313 1046 decrevit
1328 990 1365 1047 et
1384 973 1448 1047 de-

190 1086 343 1165 claravit
363 1089 539 1166 Clemens
556 1091 612 1164 Xl
635 1090 783 1165 constit.
813 1089 966 1162 Vineam
989 1087 1147 1162 Domini
1161 1085 1214 1188 (¹).
1238 1087 1254 1117 ''

158 1253 160 1256 ⁴
246 1215 283 1288 H
291 1215 475 1314 ujusmodi
495 1235 552 1292 est
567 1245 601 1292 v.
609 1244 648 1316 g.
661 1216 851 1291 damnatio
869 1212 1201 1315 Propositionum§
1221 1216 1279 1290 IX
1292 1216 1447 1314 Syllabi,

67 1414 71 1423 ¹
192 1357 276 1430 quae
305 1344 484 1409 “errores
503 1336 550 1410 de
569 1334 667 1410 civili
688 1336 848 1409 Romani
881 1332 1070 1407 Pontificis
1104 1333 1315 1430 Principatu
1334 1361 1450 1411 enun-

194 1451 298 1525 tiant.
320 1451 338 1479 '’

162 1685 165 1690 1
248 1579 458 1678 Propositio
480 1582 629 1656 LXXV
648 1583 700 1657 sic
714 1600 845 1659 sonat:
878 1594 898 1623 ‘⁴
918 1582 978 1658 De
998 1586 1213 1682 temporalis
1233 1585 1339 1684 regni
1367 1612 1451 1659 cum

195 1695 374 1793 spirituali
406 1699 713 1796 compatibilitate
741 1701 933 1798 disputant
965 1700 1062 1776 inter
1097 1728 1138 1777 se
1174 1703 1386 1777 christianae
1416 1722 1454 1780 et

196 1813 387 1890 catholicae
409 1815 588 1892 Ecclesiae
606 1817 681 1893 filii.
699 1819 717 1847 ’⁹

246 1931 486 2019 Verbotenus
514 1945 712 2043 desumpta
735 1965 793 2021 est
823 1947 901 2021 haec
932 1947 1138 2046 propositio
1167 1974 1213 2022 ex
1249 1947 1452 2046 Encyclica

199 2060 255 2163 P-ii
278 2060 336 2135 IX
350 2062 424 2136 Ad
436 2063 656 2161 Apostolicae
675 2064 791 2152 Sedis,
813 2065 860 2139 de
878 2065 938 2140 die
957 2090 1000 2138 22
1019 2067 1117 2165 Aug.
1141 2070 1245 2161 1851,
1261 2093 1336 2165 qua
1351 2068 1454 2142 dam·

198 2199 333 2256 nantur
359 2183 528 2257 doctrina
555 2203 593 2260 et
623 2210 737 2282 opera
764 2184 858 2282 juris
886 2184 1125 2260 ecclesiastici
1145 2187 1301 2283 loannis
1325 2186 1455 2284 Nepo-

200 2301 346 2374 muceni
367 2301 505 2400 Nuytz,
524 2301 562 2375 in
583 2303 687 2402 regio
706 2303 932 2378 Taurinensi
947 2304 1135 2379 Athenaeo
1151 2304 1391 2381 Prosessoris.
1406 2347 1457 2367 ‚-

87 2400 106 2466 ’·
204 2417 264 2493 De
283 2411 382 2494 dicta
399 2421 665 2518 propositione,
699 2439 898 2519 ceteraque
917 2422 1079 2519 pessima
1098 2422 1208 2522 hujus
1230 2423 1457 2497 Professoris

200 2537 379 2627 doctrina,
399 2556 558 2617 testatur
579 2543 775 2618 Pontifex:
796 2553 816 2583 “
836 2544 1080 2641 Compertum
1101 2560 1158 2618 est
1181 2560 1370 2619 auctorem
1389 2566 1458 2640 per

96 2669 100 2675 '
201 2655 413 2756 hujusmodi
432 2659 638 2734 doctrinam
657 2688 699 2736 ac
719 2662 924 2736 sententias
943 2687 988 2737 eo
1007 2660 1175 2747 tendere,
1205 2679 1245 2735 ut
1275 2659 1458 2735 Ecclesiae

201 2766 504 2853 constitutionem
537 2805 579 2853 ac
611 2780 777 2878 regimen
811 2797 999 2877 pervertat
1028 2764 1066 2855 et
1094 2778 1313 2854 catholicam
1345 2778 1458 2853 fidem
1535 2795 1538 2800 '

202 2894 312 2993 plane
325 2895 539 2972 destruat...
561 2897 768 2974 Ecclesiam
787 2898 885 2972 civili
906 2898 1061 2996 imperio
1079 2897 1268 2971 subditam
1284 2923 1377 2982 esse,
1394 2922 1462 2993 per
1495 2947 1498 2951 -

147 2995 152 3001 ¹
203 3039 388 3089 summum
421 3015 526 3089 nefas
556 3017 748 3103 asserit...
784 3015 938 3114 impium
972 3034 1137 3120 renovat?
1164 3013 1461 3089 Protestantium

203 3151 379 3232 systema,
398 3158 474 3232 quo
488 3134 653 3210 fidelium
672 3137 832 3211 societas
851 3136 888 3210 in
907 3136 1127 3210 servitutem
1143 3133 1324 3231 redigitur
1343 3131 1462 3206 civilis

205 3253 360 3351 imperii.
377 3252 397 3281 ''

255 3382 429 3462 Tandem
454 3383 652 3463 infallibilis
679 3382 859 3459 Ecclesiae
892 3385 1037 3458 Doctor
1061 3384 1109 3457 de
1141 3379 1463 3480 propositionibus

209 3500 336 3600 Nuytz
354 3507 405 3582 ait
424 3534 487 3583 eas
502 3532 611 3582 esse:
632 3515 652 3544 “
673 3503 880 3601 respective
908 3501 1028 3585 salsas,
1051 3501 1283 3586 temerarias,
1305 3498 1465 3572 scanda-

207 3617 315 3710 losas,
346 3636 535 3711 erroneas,
572 3625 607 3697 in
641 3623 679 3696 S.
713 3622 851 3704 Sedem
881 3620 1086 3705 iniuriosas,
1120 3618 1289 3692 eiusdem
1325 3616 1465 3688 iuribus

207 3739 443 3841 derogantes,
466 3742 658 3817 Ecclesiae
677 3741 845 3839 regimen
864 3756 902 3814 et
920 3739 1085 3812 divinam
1105 3738 1185 3812 eius
1217 3734 1466 3830 Constitutio-

209 3882 295 3933 nem
313 3860 621 3937 subvertentes„
638 3857 654 3884 '¹
674 3866 694 3896 ‘⁴
712 3857 800 3941 Eas,
818 3856 949 3954 pergit,
969 3854 1221 3952 reprobamus,
1243 3854 1466 3926 damnamus

149 4006 152 4011 ⁴
209 4000 251 4050 ac
269 4001 338 4074 pro
356 3977 572 4076 reprobatis,
590 3993 627 4050 et
641 3974 827 4048 damnatis
846 3973 893 4046 ab
912 3973 1085 4047 omnibus
1098 3971 1227 4045 haberi
1244 3970 1415 4044 volumus
1431 3986 1469 4043 et

211 4097 441 4171 mandamus
465 4095 482 4123 '’

261 4222 560 4299 Contradictoria
578 4246 670 4320 ergo
688 4218 851 4316 praelatae
871 4217 1141 4314 propositionis
1171 4217 1241 4290 erit
1266 4215 1341 4289 fide
1360 4236 1471 4303 certa,

208 4341 349 4417 scilicet
367 4368 374 4416 :
396 4341 490 4416 “De
508 4339 722 4437 temporalis
742 4336 846 4434 regni
862 4361 945 4408 cum
959 4335 1064 4431 spirit
1076 4334 1146 4408 uali
1161 4333 1474 4430 compatibilitate

214 4485 287 4534 non
298 4460 489 4558 disputare
501 4459 596 4532 inter
607 4483 649 4532 se
661 4455 872 4530 christianae
887 4471 924 4527 et
937 4453 1128 4526 catholicae
1147 4451 1330 4526 Ecclesiae
1342 4451 1473 4525 filios.”

254 4740 275 4780 ι,
296 4725 435 4790 rumim,
451 4725 492 4777 ue
506 4725 584 4777 nom.
598 4708 691 4791 ntur,
702 4741 765 4793 pag.
781 4736 907 4792 501-502.
