3496 5482
1399 551 1585 560 ---

333 610 380 680 42
741 611 833 663 Pana
860 611 921 661 SIT
948 610 1023 661 REX
1053 611 1182 664 ROMAE.

386 775 441 851 Ut
466 777 552 877 jure
578 779 786 876 meritoque
804 777 1044 852 ratiocinatur
1066 777 1122 853 Cl.
1153 777 1352 853 Palmieri:
1374 787 1393 818 “
1415 779 1589 854 Potestas

332 894 474 992 quaevis
493 913 551 970 est
562 914 715 993 propter
732 913 867 982 actum,
884 912 990 970 actus
1008 913 1133 970 autem
1148 912 1301 993 propter
1316 895 1439 982 finem,
1453 896 1516 994 qui
1531 913 1589 970 est

332 1011 511 1109 perfectio
523 1012 580 1088 vel
597 1013 712 1111 ipsius
730 1014 888 1113 agentis,
909 1012 968 1088 vel
987 1012 1154 1099 aliorum,
1171 1033 1280 1089 extra
1293 1039 1423 1113 agens.
1444 1014 1462 1042 '¹

385 1130 571 1206 Primatus
600 1157 690 1207 vero
718 1131 874 1207 collatus
902 1150 961 1207 est
989 1131 1104 1207 Petro
1131 1150 1170 1207 et
1200 1133 1478 1208 successoribus
1507 1134 1589 1232 ejus

331 1264 484 1343 propter
501 1247 640 1323 bonum
663 1248 867 1324 Ecclesiae:
886 1248 1009 1324 omnis
1027 1274 1120 1348 ergo
1138 1266 1307 1346 potestas
1334 1266 1371 1324 et
1399 1274 1512 1325 omne
1524 1251 1589 1347 jus

333 1362 518 1440 Primatus
535 1383 593 1441 est
612 1367 647 1441 in
662 1368 801 1442 bonum
818 1366 1000 1441 Ecclesiae
1014 1395 1021 1454 ;
1035 1368 1099 1466 jus
1113 1367 1225 1442 etiam
1246 1367 1360 1465 igitur
1377 1368 1586 1442 immunita·

330 1482 378 1554 tis
389 1507 457 1579 pro
471 1485 651 1584 regimine
672 1485 854 1561 Ecclesiae
872 1482 1048 1559 collatum
1062 1503 1120 1558 est
1141 1485 1323 1559 Pontifici.

382 1601 560 1698 Jamvero
577 1604 794 1678 exercitium
814 1603 924 1700 hujus
943 1604 1038 1701 juris
1071 1629 1145 1678 non
1171 1623 1229 1680 est
1260 1602 1432 1680 absolute
1461 1629 1587 1680 neces-

330 1719 467 1794 sarium
490 1720 670 1796 Ecclesiae
689 1732 731 1796 ut
748 1723 798 1796 sit
809 1721 1036 1819 simpliciter,
1057 1722 1124 1796 sed
1143 1732 1186 1796 ut
1199 1725 1283 1797 bene
1298 1724 1359 1797 sil.
1530 1710 1532 1715 ⁴

385 1839 474 1914 Non
492 1860 551 1917 est
570 1843 817 1916 necessarium
831 1859 871 1916 ut
885 1840 1103 1938 simpliciter
1114 1842 1162 1916 sit
1179 1871 1187 1929 ;
1205 1842 1276 1916 hoc
1288 1841 1404 1939 liquet
1416 1865 1464 1916 ex
1476 1840 1586 1917 lacto.

334 1958 467 2033 Primis
485 1960 584 2034 enim
606 1961 787 2035 Ecclesiae
805 1961 950 2035 saeculis
970 1985 1045 2034 non
1064 1960 1254 2059 gaudebat
1277 1959 1457 2034 exercitio
1475 1958 1586 2057 hujus

324 2076 421 2175 juris
441 2077 634 2152 Romanus
655 2078 840 2164 Pontifex,
861 2095 899 2153 et
918 2075 1159 2151 nihilominus
1180 2076 1350 2152 Ecclesia
1368 2076 1501 2151 stabat.

324 2226 327 2233 ¹
384 2194 455 2270 Est
474 2212 599 2270 tamen
621 2195 742 2293 aliqua
775 2196 978 2271 necessitas
1000 2194 1168 2270 exercitii
1190 2194 1369 2293 ejusdem.
1398 2193 1585 2267 Nimirum

335 2310 504 2387 Ecclesia
523 2337 597 2387 non
617 2331 760 2387 tantum
774 2313 838 2410 jus
857 2313 970 2388 habet
989 2322 1031 2385 ut
1047 2312 1105 2393 sit.
1134 2312 1200 2386 sed
1228 2313 1340 2386 etiam
1364 2320 1406 2385 ut
1424 2313 1508 2385 bene
1526 2312 1584 2398 sit,

330 2446 370 2503 ut
401 2455 537 2527 nempe
566 2430 731 2528 perlecto
760 2432 882 2517 modo,
917 2430 1031 2504 modo
1062 2429 1301 2504 convenienti
1335 2447 1478 2503 naturae
1509 2453 1586 2502 suae

330 2547 467 2622 existat
481 2565 522 2621 et
540 2565 703 2648 regatur.

379 2665 556 2761 Jamvero
575 2683 615 2740 ut
636 2664 805 2740 Ecclesia
823 2667 907 2739 bene
923 2667 981 2752 sil,
1002 2664 1158 2739 evidens
1177 2681 1235 2740 est
1260 2689 1416 2740 necesse
1433 2689 1518 2739 esse
1544 2681 1585 2738 ut
1683 2714 1685 2735 .

328 2784 454 2860 omnia
471 2784 552 2884 ejus
561 2787 656 2886 jura,
678 2786 774 2860 inter
796 2804 978 2883 quaesunt
996 2785 1231 2883 potissimum
1246 2786 1332 2884 jura
1350 2786 1407 2858 sui
1427 2784 1583 2881 Capitis,

330 2906 367 2980 in
379 2925 502 2982 actum
514 2908 754 2983 deducantur.
771 2906 860 2981 Non
876 2907 976 2980 enim
990 2905 1124 2979 srustra
1137 2931 1182 2978 ea
1194 2905 1277 3002 jura
1291 2903 1448 2978 contulit
1467 2903 1584 2978 Deus.

330 3024 493 3122 Oportet
507 3050 598 3124 ergo
617 3044 656 3100 ut
675 3044 713 3100 et
726 3027 789 3124 jus
809 3023 1051 3098 immunitatis
1071 3023 1119 3096 ad
1134 3041 1259 3096 actum
1272 3021 1489 3096 deducatur.

383 3141 551 3217 Ecclesia
576 3162 633 3217 est
659 3144 818 3217 societas
838 3141 993 3216 visibilis
1008 3160 1047 3215 et
1066 3139 1334 3236 independens.
1354 3140 1418 3237 jus
1442 3138 1586 3213 habens

330 3260 377 3334 ad
409 3259 523 3335 vitam
555 3261 729 3337 socialem
760 3259 972 3358 perfectam.
1007 3259 1062 3333 Ut
1094 3258 1145 3332 ait
1177 3257 1266 3330 Pius
1293 3257 1351 3330 lX
1375 3255 1587 3336 <Ecclesia

331 3378 505 3476 perlectae
523 3381 711 3455 societatis
730 3379 886 3454 formam
917 3380 953 3453 vi
982 3378 1120 3452 divinae
1151 3403 1228 3451 suae
1259 3376 1502 3452 institutionis
1522 3376 1587 3450 ob-

330 3498 440 3572 tinuit
459 3495 513 3598 (¹).
543 3498 559 3525 ”

385 3615 440 3690 Ut
451 3637 576 3690 autem
588 3617 669 3715 ejus
682 3617 760 3693 vita
771 3615 917 3691 socialis
930 3615 1027 3689 bene
1038 3640 1080 3687 se
1091 3612 1239 3699 habeat,
1256 3638 1321 3688 seu
1337 3611 1502 3710 perfecta
1514 3611 1562 3685 sit
1578 3638 1585 3685 :

382 3734 438 3837 (ι)
459 3736 626 3810 Necesse
644 3755 702 3811 est
720 3756 759 3811 ut
778 3760 992 3832 supremum
1011 3735 1092 3832 ejus
1113 3733 1237 3830 Caput
1256 3757 1404 3830 semper
1422 3731 1587 3831 gaudeat

330 3872 424 3939 actu,
445 3854 555 3952 plena
574 3874 611 3929 et
636 3857 788 3952 perenni
808 3855 978 3929 libertate
996 3852 1155 3926 docendi
1175 3872 1213 3925 et
1233 3851 1374 3926 ferendi
1394 3852 1508 3950 leges,
1532 3867 1584 3924 at-

329 3998 403 4071 que
421 3974 543 4070 poenis
563 3999 645 4048 reos
664 3971 971 4071 cohibendi‚erga
986 3996 1117 4045 omnes
1134 3968 1273 4055 fideles,
1290 3969 1466 4067 ipsosque
1483 3969 1583 4041 Prin·

331 4090 459 4186 cipes⁸¹

382 4208 438 4305 (2)
461 4209 629 4284 Necesse
647 4228 704 4283 est
719 4227 759 4282 ut
778 4234 851 4306 pax
871 4226 908 4281 et
927 4206 1175 4304 tranquillitas
1196 4205 1386 4304 regiminis
1408 4203 1588 4279 Ecclesiae

330 4327 378 4401 sit
396 4352 443 4400 ex
462 4352 503 4401 se
522 4326 673 4412 stabilis,
695 4325 854 4423 ideoque
874 4324 973 4398 nullo
992 4325 1106 4398 modo
1124 4323 1336 4421 dependeat
1355 4322 1586 4397 avoluntate

330 4444 497 4518 mutabili
517 4445 671 4543 alicujus
700 4443 870 4528 hominis,
904 4443 961 4515 cui
993 4441 1174 4516 Ecclesiae
1192 4467 1279 4514 cura
1299 4466 1373 4513 non
1403 4458 1461 4514 est
1487 4465 1585 4513 com-

332 4565 455 4638 missa.

369 4778 390 4818 1.
406 4765 522 4835 Encycl.
537 4764 609 4819 Cum
621 4763 767 4833 catholica,
781 4763 816 4818 26
830 4764 915 4818 Mart.
929 4762 1005 4817 1860.
