<?xml version="1.0" encoding="UTF-8"?>
<!DOCTYPE html PUBLIC "-//W3C//DTD XHTML 1.0 Transitional//EN"
    "http://www.w3.org/TR/xhtml1/DTD/xhtml1-transitional.dtd">
<html xmlns="http://www.w3.org/1999/xhtml" xml:lang="en" lang="en">
 <head>
  <title>
</title>
<meta http-equiv="Content-Type" content="text/html;charset=utf-8" />
  <meta name='ocr-system' content='tesseract 3.04.00' />
  <meta name='ocr-capabilities' content='ocr_page ocr_carea ocr_par ocr_line ocrx_word'/>
</head>
<body>
  <div class='ocr_page' id='page_1' title='image "./papasitrexromae00godtgoog_0368.png"; bbox 0 0 3496 5482; ppageno 0'>
   <div class='ocr_carea' id='block_1_1' title="bbox 247 469 1435 483">
    <p class='ocr_par' dir='ltr' id='par_1_1' title="bbox 247 469 1435 483">
     <span class='ocr_line' id='line_1_1' title="bbox 247 469 1435 483; baseline 0.003 -4"><span class='ocrx_word' id='word_1_1' title='bbox 247 471 448 480; x_wconf 69' lang='lat'>——-——---...</span> <span class='ocrx_word' id='word_1_2' title='bbox 462 470 557 477; x_wconf 53' lang='lat' dir='ltr'>uo——-</span> <span class='ocrx_word' id='word_1_3' title='bbox 570 471 594 478; x_wconf 53' lang='lat' dir='ltr'>a„</span> <span class='ocrx_word' id='word_1_4' title='bbox 616 469 630 478; x_wconf 55' lang='grc' dir='ltr'>ᾳ</span> <span class='ocrx_word' id='word_1_5' title='bbox 641 469 776 479; x_wconf 40' lang='grc' dir='ltr'>..-ι-,κὰ</span> <span class='ocrx_word' id='word_1_6' title='bbox 800 469 1024 480; x_wconf 40' lang='grc' dir='ltr'>,κωύκ-...κω</span> <span class='ocrx_word' id='word_1_7' title='bbox 1233 470 1435 483; x_wconf 40' lang='lat' dir='ltr'>*ann-Q.--</span> 
     </span>
    </p>
   </div>
   <div class='ocr_carea' id='block_1_2' title="bbox 596 535 1145 602">
    <p class='ocr_par' dir='ltr' id='par_1_2' title="bbox 596 535 1145 602">
     <span class='ocr_line' id='line_1_2' title="bbox 596 535 1145 602; baseline 0.005 -15"><span class='ocrx_word' id='word_1_8' title='bbox 596 537 718 588; x_wconf 79' lang='lat' dir='ltr'>CAPUT</span> <span class='ocrx_word' id='word_1_9' title='bbox 745 535 925 588; x_wconf 86' lang='lat' dir='ltr'><strong>DECIMUM</strong></span> <span class='ocrx_word' id='word_1_10' title='bbox 953 538 1145 602; x_wconf 84' lang='lat' dir='ltr'><strong>QUINTUM.</strong></span> 
     </span>
    </p>
   </div>
   <div class='ocr_carea' id='block_1_3' title="bbox 181 542 1509 4004">
    <p class='ocr_par' dir='ltr' id='par_1_3' title="bbox 240 542 1504 1516">
     <span class='ocr_line' id='line_1_3' title="bbox 1428 542 1500 614; baseline 0.014 -1"><span class='ocrx_word' id='word_1_11' title='bbox 1428 542 1500 614; x_wconf 82' lang='lat'>353</span> 
     </span>
     <span class='ocr_line' id='line_1_4' title="bbox 251 699 1500 792; baseline 0.002 -16"><span class='ocrx_word' id='word_1_12' title='bbox 251 749 255 755; x_wconf 93' lang='lat'><em>·</em></span> <span class='ocrx_word' id='word_1_13' title='bbox 293 703 366 776; x_wconf 81' lang='lat' dir='ltr'>Ast</span> <span class='ocrx_word' id='word_1_14' title='bbox 385 700 523 774; x_wconf 91' lang='lat' dir='ltr'>nedum</span> <span class='ocrx_word' id='word_1_15' title='bbox 543 699 622 773; x_wconf 85' lang='lat' dir='ltr'>haec</span> <span class='ocrx_word' id='word_1_16' title='bbox 650 700 776 772; x_wconf 92' lang='lat' dir='ltr'>omnia</span> <span class='ocrx_word' id='word_1_17' title='bbox 808 701 1018 774; x_wconf 90' lang='lat' dir='ltr'>necessaria</span> <span class='ocrx_word' id='word_1_18' title='bbox 1048 702 1289 788; x_wconf 77' lang='lat' dir='ltr'>aestimentur,</span> <span class='ocrx_word' id='word_1_19' title='bbox 1311 702 1401 777; x_wconf 92' lang='lat' dir='ltr'>satis</span> <span class='ocrx_word' id='word_1_20' title='bbox 1420 705 1500 792; x_wconf 91' lang='lat' dir='ltr'>erit,</span> 
     </span>
     <span class='ocr_line' id='line_1_5' title="bbox 241 817 1501 918; baseline -0.001 -21"><span class='ocrx_word' id='word_1_21' title='bbox 241 821 282 908; x_wconf 90' lang='lat' dir='ltr'>si,</span> <span class='ocrx_word' id='word_1_22' title='bbox 304 821 481 918; x_wconf 91' lang='lat' dir='ltr'>depressa</span> <span class='ocrx_word' id='word_1_23' title='bbox 499 837 601 892; x_wconf 89' lang='lat' dir='ltr'>secta</span> <span class='ocrx_word' id='word_1_24' title='bbox 617 817 841 903; x_wconf 87' lang='lat' dir='ltr'>Massonica,</span> <span class='ocrx_word' id='word_1_25' title='bbox 863 843 948 914; x_wconf 83' lang='lat' dir='ltr'>quae</span> <span class='ocrx_word' id='word_1_26' title='bbox 967 818 1003 891; x_wconf 92' lang='lat' dir='ltr'>in</span> <span class='ocrx_word' id='word_1_27' title='bbox 1026 818 1180 915; x_wconf 84' lang='lat' dir='ltr'>Europa</span> <span class='ocrx_word' id='word_1_28' title='bbox 1198 846 1241 894; x_wconf 92' lang='lat' dir='ltr'>ac</span> <span class='ocrx_word' id='word_1_29' title='bbox 1261 820 1297 894; x_wconf 94' lang='lat' dir='ltr'>in</span> <span class='ocrx_word' id='word_1_30' title='bbox 1317 821 1445 918; x_wconf 90' lang='lat' dir='ltr'>primis</span> <span class='ocrx_word' id='word_1_31' title='bbox 1465 822 1501 896; x_wconf 92' lang='lat' dir='ltr'>in</span> 
     </span>
     <span class='ocr_line' id='line_1_6' title="bbox 247 936 1502 1026; baseline 0.001 -10"><span class='ocrx_word' id='word_1_32' title='bbox 247 940 352 1016; x_wconf 89' lang='lat' dir='ltr'>ltalia</span> <span class='ocrx_word' id='word_1_33' title='bbox 371 937 630 1013; x_wconf 84' lang='lat' dir='ltr'>restaurationi</span> <span class='ocrx_word' id='word_1_34' title='bbox 661 936 843 1012; x_wconf 84' lang='lat' dir='ltr'>libertatis</span> <span class='ocrx_word' id='word_1_35' title='bbox 864 937 1108 1013; x_wconf 91' lang='lat' dir='ltr'>Pontificatus</span> <span class='ocrx_word' id='word_1_36' title='bbox 1140 940 1259 1026; x_wconf 90' lang='lat' dir='ltr'>obest,</span> <span class='ocrx_word' id='word_1_37' title='bbox 1285 940 1393 1016; x_wconf 93' lang='lat' dir='ltr'>ltalia</span> <span class='ocrx_word' id='word_1_38' title='bbox 1423 942 1502 1017; x_wconf 87' lang='lat' dir='ltr'>haec</span> 
     </span>
     <span class='ocr_line' id='line_1_7' title="bbox 240 1055 1501 1160; baseline 0.002 -25"><span class='ocrx_word' id='word_1_39' title='bbox 240 1084 426 1160; x_wconf 89' lang='lat' dir='ltr'>generosa</span> <span class='ocrx_word' id='word_1_40' title='bbox 445 1055 553 1132; x_wconf 90' lang='lat' dir='ltr'>tellus</span> <span class='ocrx_word' id='word_1_41' title='bbox 571 1082 593 1130; x_wconf 92' lang='lat' dir='ltr'>a</span> <span class='ocrx_word' id='word_1_42' title='bbox 607 1058 702 1156; x_wconf 89' lang='lat' dir='ltr'>jugo</span> <span class='ocrx_word' id='word_1_43' title='bbox 721 1056 877 1133; x_wconf 90' lang='lat' dir='ltr'>liberata</span> <span class='ocrx_word' id='word_1_44' title='bbox 895 1076 933 1131; x_wconf 92' lang='lat' dir='ltr'>et</span> <span class='ocrx_word' id='word_1_45' title='bbox 953 1084 974 1133; x_wconf 93' lang='lat' dir='ltr'>e</span> <span class='ocrx_word' id='word_1_46' title='bbox 1005 1084 1139 1134; x_wconf 89' lang='lat' dir='ltr'>somno</span> <span class='ocrx_word' id='word_1_47' title='bbox 1158 1085 1329 1159; x_wconf 86' lang='lat' dir='ltr'><strong>surgens,</strong></span> <span class='ocrx_word' id='word_1_48' title='bbox 1350 1061 1501 1138; x_wconf 90' lang='lat' dir='ltr'>tandem</span> 
     </span>
     <span class='ocr_line' id='line_1_8' title="bbox 241 1176 1503 1277; baseline 0 -22"><span class='ocrx_word' id='word_1_49' title='bbox 241 1177 442 1277; x_wconf 90' lang='lat' dir='ltr'>aliquando</span> <span class='ocrx_word' id='word_1_50' title='bbox 474 1176 676 1274; x_wconf 84' lang='lat' dir='ltr'>resipiscat,</span> <span class='ocrx_word' id='word_1_51' title='bbox 715 1195 828 1275; x_wconf 89' lang='lat' dir='ltr'>atque</span> <span class='ocrx_word' id='word_1_52' title='bbox 864 1176 1005 1252; x_wconf 85' lang='lat' dir='ltr'>loedere</span> <span class='ocrx_word' id='word_1_53' title='bbox 1042 1177 1133 1252; x_wconf 92' lang='lat' dir='ltr'>inito</span> <span class='ocrx_word' id='word_1_54' title='bbox 1171 1179 1503 1276; x_wconf 89' lang='lat' dir='ltr'>independentiam</span> 
     </span>
     <span class='ocr_line' id='line_1_9' title="bbox 242 1291 1504 1394; baseline -0.002 -21"><span class='ocrx_word' id='word_1_55' title='bbox 242 1297 423 1373; x_wconf 92' lang='lat' dir='ltr'>concedat</span> <span class='ocrx_word' id='word_1_56' title='bbox 462 1291 631 1369; x_wconf 89' lang='lat' dir='ltr'>Pontifici</span> <span class='ocrx_word' id='word_1_57' title='bbox 667 1293 814 1392; x_wconf 87' lang='lat' dir='ltr'>sibique</span> <span class='ocrx_word' id='word_1_58' title='bbox 846 1293 1008 1369; x_wconf 89' lang='lat' dir='ltr'>vindicet</span> <span class='ocrx_word' id='word_1_59' title='bbox 1040 1294 1235 1392; x_wconf 88' lang='lat' dir='ltr'>pristinam</span> <span class='ocrx_word' id='word_1_60' title='bbox 1271 1294 1428 1394; x_wconf 88' lang='lat' dir='ltr'>gloriam</span> <span class='ocrx_word' id='word_1_61' title='bbox 1461 1321 1504 1371; x_wconf 89' lang='lat' dir='ltr'>ac</span> 
     </span>
     <span class='ocr_line' id='line_1_10' title="bbox 244 1410 680 1516; baseline -0.016 -23"><span class='ocrx_word' id='word_1_62' title='bbox 244 1417 478 1516; x_wconf 89' lang='lat' dir='ltr'>majestatem</span> <span class='ocrx_word' id='word_1_63' title='bbox 499 1440 605 1488; x_wconf 91' lang='lat' dir='ltr'>suam</span> <span class='ocrx_word' id='word_1_64' title='bbox 625 1410 639 1514; x_wconf 92' lang='lat'><strong>(</strong></span> <span class='ocrx_word' id='word_1_65' title='bbox 657 1411 680 1514; x_wconf 87' lang='lat'>).</span> 
     </span>
    </p>

    <p class='ocr_par' dir='ltr' id='par_1_4' title="bbox 245 1532 1504 1748">
     <span class='ocr_line' id='line_1_11' title="bbox 297 1532 1504 1632; baseline 0.003 -24"><span class='ocrx_word' id='word_1_66' title='bbox 297 1535 437 1608; x_wconf 89' lang='lat' dir='ltr'>Nonne</span> <span class='ocrx_word' id='word_1_67' title='bbox 452 1532 564 1606; x_wconf 90' lang='lat' dir='ltr'>variis</span> <span class='ocrx_word' id='word_1_68' title='bbox 580 1532 862 1631; x_wconf 86' lang='lat' dir='ltr'>innumerisque</span> <span class='ocrx_word' id='word_1_69' title='bbox 880 1533 984 1608; x_wconf 93' lang='lat' dir='ltr'>hisce</span> <span class='ocrx_word' id='word_1_70' title='bbox 1002 1534 1208 1632; x_wconf 84' lang='lat' dir='ltr'>perspectis</span> <span class='ocrx_word' id='word_1_71' title='bbox 1228 1535 1361 1611; x_wconf 92' lang='lat' dir='ltr'>mediis</span> <span class='ocrx_word' id='word_1_72' title='bbox 1383 1533 1504 1612; x_wconf 87' lang='lat' dir='ltr'>excla-</span> 
     </span>
     <span class='ocr_line' id='line_1_12' title="bbox 245 1649 808 1748; baseline -0.007 -20"><span class='ocrx_word' id='word_1_73' title='bbox 245 1678 347 1728; x_wconf 90' lang='lat' dir='ltr'>mare</span> <span class='ocrx_word' id='word_1_74' title='bbox 365 1651 474 1726; x_wconf 89' lang='lat' dir='ltr'>decet</span> <span class='ocrx_word' id='word_1_75' title='bbox 492 1676 576 1724; x_wconf 92' lang='lat' dir='ltr'>cum</span> <span class='ocrx_word' id='word_1_76' title='bbox 596 1649 808 1748; x_wconf 89' lang='lat' dir='ltr'>Apostolo:</span> 
     </span>
    </p>

    <p class='ocr_par' dir='ltr' id='par_1_5' title="bbox 245 1769 1506 2225">
     <span class='ocr_line' id='line_1_13' title="bbox 297 1769 1504 1872; baseline -0.001 -25"><span class='ocrx_word' id='word_1_77' title='bbox 297 1783 318 1812; x_wconf 85' lang='lat'>“</span> <span class='ocrx_word' id='word_1_78' title='bbox 338 1773 374 1847; x_wconf 94' lang='grc' dir='ltr'><strong>Ο</strong></span> <span class='ocrx_word' id='word_1_79' title='bbox 394 1769 553 1845; x_wconf 85' lang='lat' dir='ltr'>altitudo</span> <span class='ocrx_word' id='word_1_80' title='bbox 572 1770 786 1844; x_wconf 87' lang='lat' dir='ltr'>divitiarum</span> <span class='ocrx_word' id='word_1_81' title='bbox 806 1770 1002 1866; x_wconf 84' lang='lat' dir='ltr'>sapientiae</span> <span class='ocrx_word' id='word_1_82' title='bbox 1032 1790 1070 1844; x_wconf 91' lang='lat' dir='ltr'>et</span> <span class='ocrx_word' id='word_1_83' title='bbox 1089 1771 1253 1845; x_wconf 87' lang='lat' dir='ltr'>scientiae</span> <span class='ocrx_word' id='word_1_84' title='bbox 1276 1771 1374 1847; x_wconf 90' lang='lat' dir='ltr'>Dei:</span> <span class='ocrx_word' id='word_1_85' title='bbox 1393 1798 1504 1872; x_wconf 92' lang='lat' dir='ltr'>quam</span> 
     </span>
     <span class='ocr_line' id='line_1_14' title="bbox 246 1887 1506 1991; baseline 0.002 -26"><span class='ocrx_word' id='word_1_86' title='bbox 246 1887 637 1988; x_wconf 87' lang='lat' dir='ltr'>incomprehensibilia</span> <span class='ocrx_word' id='word_1_87' title='bbox 668 1907 755 1963; x_wconf 90' lang='lat' dir='ltr'>sunt</span> <span class='ocrx_word' id='word_1_88' title='bbox 781 1889 922 1988; x_wconf 88' lang='lat' dir='ltr'>judicia</span> <span class='ocrx_word' id='word_1_89' title='bbox 952 1889 1033 1988; x_wconf 91' lang='lat' dir='ltr'>ejus</span> <span class='ocrx_word' id='word_1_90' title='bbox 1062 1910 1100 1964; x_wconf 91' lang='lat' dir='ltr'>et</span> <span class='ocrx_word' id='word_1_91' title='bbox 1133 1890 1415 1991; x_wconf 90' lang='lat' dir='ltr'>investigabiles</span> <span class='ocrx_word' id='word_1_92' title='bbox 1435 1892 1506 1967; x_wconf 85' lang='lat' dir='ltr'>viae</span> 
     </span>
     <span class='ocr_line' id='line_1_15' title="bbox 245 2007 1505 2108; baseline 0.002 -25"><span class='ocrx_word' id='word_1_93' title='bbox 245 2011 336 2108; x_wconf 87' lang='lat' dir='ltr'>ejus.</span> <span class='ocrx_word' id='word_1_94' title='bbox 358 2007 454 2103; x_wconf 86' lang='lat' dir='ltr'>Quis</span> <span class='ocrx_word' id='word_1_95' title='bbox 473 2007 573 2082; x_wconf 89' lang='lat' dir='ltr'>enim</span> <span class='ocrx_word' id='word_1_96' title='bbox 592 2007 772 2105; x_wconf 91' lang='lat' dir='ltr'>cognovit</span> <span class='ocrx_word' id='word_1_97' title='bbox 790 2032 941 2081; x_wconf 91' lang='lat' dir='ltr'>sensum</span> <span class='ocrx_word' id='word_1_98' title='bbox 965 2008 1130 2094; x_wconf 90' lang='lat' dir='ltr'>Domini,</span> <span class='ocrx_word' id='word_1_99' title='bbox 1152 2028 1216 2083; x_wconf 90' lang='lat' dir='ltr'>aut</span> <span class='ocrx_word' id='word_1_100' title='bbox 1235 2009 1319 2107; x_wconf 93' lang='lat' dir='ltr'>quis</span> <span class='ocrx_word' id='word_1_101' title='bbox 1337 2010 1505 2086; x_wconf 92' lang='lat' dir='ltr'>consilia·</span> 
     </span>
     <span class='ocr_line' id='line_1_16' title="bbox 246 2121 640 2225; baseline -0.005 -25"><span class='ocrx_word' id='word_1_102' title='bbox 246 2127 321 2201; x_wconf 91' lang='lat' dir='ltr'>rius</span> <span class='ocrx_word' id='word_1_103' title='bbox 339 2127 420 2225; x_wconf 90' lang='lat' dir='ltr'>ejus</span> <span class='ocrx_word' id='word_1_104' title='bbox 440 2124 507 2199; x_wconf 92' lang='lat' dir='ltr'>suit</span> <span class='ocrx_word' id='word_1_105' title='bbox 527 2121 571 2223; x_wconf 84' lang='lat'>(²)</span> <span class='ocrx_word' id='word_1_106' title='bbox 589 2124 604 2198; x_wconf 89' lang='lat'>?</span> <span class='ocrx_word' id='word_1_107' title='bbox 622 2124 640 2153; x_wconf 90' lang='lat'><strong>”</strong></span> 
     </span>
    </p>

    <p class='ocr_par' dir='ltr' id='par_1_6' title="bbox 245 2240 1507 2462">
     <span class='ocr_line' id='line_1_17' title="bbox 297 2240 1506 2339; baseline 0.002 -22"><span class='ocrx_word' id='word_1_108' title='bbox 297 2253 317 2282; x_wconf 86' lang='lat'>“</span> <span class='ocrx_word' id='word_1_109' title='bbox 333 2243 429 2317; x_wconf 90' lang='lat' dir='ltr'>Cum</span> <span class='ocrx_word' id='word_1_110' title='bbox 449 2267 524 2339; x_wconf 92' lang='lat' dir='ltr'>quo</span> <span class='ocrx_word' id='word_1_111' title='bbox 539 2242 620 2315; x_wconf 92' lang='lat' dir='ltr'>iniit</span> <span class='ocrx_word' id='word_1_112' title='bbox 638 2240 845 2328; x_wconf 91' lang='lat' dir='ltr'>consilium,</span> <span class='ocrx_word' id='word_1_113' title='bbox 861 2259 899 2317; x_wconf 89' lang='lat' dir='ltr'>et</span> <span class='ocrx_word' id='word_1_114' title='bbox 918 2241 1094 2317; x_wconf 89' lang='lat' dir='ltr'>instruxit</span> <span class='ocrx_word' id='word_1_115' title='bbox 1106 2269 1203 2331; x_wconf 90' lang='lat' dir='ltr'>eum,</span> <span class='ocrx_word' id='word_1_116' title='bbox 1224 2261 1264 2320; x_wconf 88' lang='lat' dir='ltr'>et</span> <span class='ocrx_word' id='word_1_117' title='bbox 1280 2244 1407 2321; x_wconf 92' lang='lat' dir='ltr'>docuit</span> <span class='ocrx_word' id='word_1_118' title='bbox 1421 2271 1506 2321; x_wconf 93' lang='lat' dir='ltr'>eum</span> 
     </span>
     <span class='ocr_line' id='line_1_18' title="bbox 245 2359 1507 2462; baseline -0.002 -24"><span class='ocrx_word' id='word_1_119' title='bbox 245 2362 418 2438; x_wconf 89' lang='lat' dir='ltr'>semitam</span> <span class='ocrx_word' id='word_1_120' title='bbox 431 2359 589 2459; x_wconf 87' lang='lat' dir='ltr'>justitiae</span> <span class='ocrx_word' id='word_1_121' title='bbox 608 2377 645 2434; x_wconf 93' lang='lat' dir='ltr'>et</span> <span class='ocrx_word' id='word_1_122' title='bbox 665 2359 827 2434; x_wconf 90' lang='lat' dir='ltr'>erudivit</span> <span class='ocrx_word' id='word_1_123' title='bbox 846 2385 932 2434; x_wconf 94' lang='lat' dir='ltr'>eum</span> <span class='ocrx_word' id='word_1_124' title='bbox 951 2359 1146 2435; x_wconf 91' lang='lat' dir='ltr'>scientiam</span> <span class='ocrx_word' id='word_1_125' title='bbox 1166 2381 1204 2437; x_wconf 92' lang='lat' dir='ltr'>et</span> <span class='ocrx_word' id='word_1_126' title='bbox 1223 2362 1323 2437; x_wconf 93' lang='lat' dir='ltr'>viam</span> <span class='ocrx_word' id='word_1_127' title='bbox 1347 2363 1507 2462; x_wconf 86' lang='lat' dir='ltr'>pruden-</span> 
     </span>
    </p>

    <p class='ocr_par' dir='ltr' id='par_1_7' title="bbox 181 2475 1509 2940">
     <span class='ocr_line' id='line_1_19' title="bbox 246 2475 1507 2578; baseline -0.001 -22"><span class='ocrx_word' id='word_1_128' title='bbox 246 2481 307 2557; x_wconf 85' lang='lat' dir='ltr'>tiae</span> <span class='ocrx_word' id='word_1_129' title='bbox 325 2478 489 2552; x_wconf 90' lang='lat' dir='ltr'>ostendit</span> <span class='ocrx_word' id='word_1_130' title='bbox 509 2475 592 2551; x_wconf 89' lang='lat' dir='ltr'>illi?</span> <span class='ocrx_word' id='word_1_131' title='bbox 626 2477 726 2552; x_wconf 92' lang='lat' dir='ltr'>Ecce</span> <span class='ocrx_word' id='word_1_132' title='bbox 753 2494 888 2575; x_wconf 85' lang='lat' dir='ltr'>gentes</span> <span class='ocrx_word' id='word_1_133' title='bbox 919 2479 1025 2576; x_wconf 89' lang='lat' dir='ltr'>quasi</span> <span class='ocrx_word' id='word_1_134' title='bbox 1045 2477 1143 2553; x_wconf 92' lang='lat' dir='ltr'>stilla</span> <span class='ocrx_word' id='word_1_135' title='bbox 1173 2479 1306 2567; x_wconf 88' lang='lat' dir='ltr'>situlae,</span> <span class='ocrx_word' id='word_1_136' title='bbox 1335 2499 1372 2555; x_wconf 92' lang='lat' dir='ltr'>et</span> <span class='ocrx_word' id='word_1_137' title='bbox 1400 2480 1507 2578; x_wconf 91' lang='lat' dir='ltr'>quasi</span> 
     </span>
     <span class='ocr_line' id='line_1_20' title="bbox 181 2584 1509 2697; baseline -0.001 -22"><span class='ocrx_word' id='word_1_138' title='bbox 181 2584 183 2588; x_wconf 10' lang='grc' dir='ltr'><em>Α</em></span> <span class='ocrx_word' id='word_1_139' title='bbox 246 2615 476 2675; x_wconf 89' lang='lat' dir='ltr'>momentum</span> <span class='ocrx_word' id='word_1_140' title='bbox 495 2614 645 2672; x_wconf 79' lang='lat' dir='ltr'>staterae</span> <span class='ocrx_word' id='word_1_141' title='bbox 664 2614 845 2694; x_wconf 79' lang='lat' dir='ltr'>reputatae</span> <span class='ocrx_word' id='word_1_142' title='bbox 864 2616 975 2673; x_wconf 91' lang='lat' dir='ltr'>sunt:</span> <span class='ocrx_word' id='word_1_143' title='bbox 995 2623 1082 2672; x_wconf 91' lang='lat' dir='ltr'>ecce</span> <span class='ocrx_word' id='word_1_144' title='bbox 1110 2596 1240 2673; x_wconf 84' lang='lat' dir='ltr'>insulae</span> <span class='ocrx_word' id='word_1_145' title='bbox 1258 2599 1365 2697; x_wconf 90' lang='lat' dir='ltr'>quasi</span> <span class='ocrx_word' id='word_1_146' title='bbox 1385 2598 1509 2697; x_wconf 90' lang='lat' dir='ltr'>pulvis</span> 
     </span>
     <span class='ocr_line' id='line_1_21' title="bbox 244 2717 1503 2821; baseline -0.002 -23"><span class='ocrx_word' id='word_1_147' title='bbox 244 2723 450 2821; x_wconf 87' lang='lat' dir='ltr'>exiguus...</span> <span class='ocrx_word' id='word_1_148' title='bbox 472 2743 603 2794; x_wconf 90' lang='lat' dir='ltr'>omnes</span> <span class='ocrx_word' id='word_1_149' title='bbox 622 2736 755 2817; x_wconf 87' lang='lat' dir='ltr'>gentes</span> <span class='ocrx_word' id='word_1_150' title='bbox 774 2719 880 2816; x_wconf 89' lang='lat' dir='ltr'>quasi</span> <span class='ocrx_word' id='word_1_151' title='bbox 908 2743 982 2793; x_wconf 93' lang='lat' dir='ltr'>non</span> <span class='ocrx_word' id='word_1_152' title='bbox 1001 2719 1086 2805; x_wconf 90' lang='lat' dir='ltr'>sint,</span> <span class='ocrx_word' id='word_1_153' title='bbox 1108 2717 1160 2792; x_wconf 93' lang='lat' dir='ltr'>sic</span> <span class='ocrx_word' id='word_1_154' title='bbox 1181 2737 1267 2793; x_wconf 91' lang='lat' dir='ltr'>sunt</span> <span class='ocrx_word' id='word_1_155' title='bbox 1286 2745 1410 2793; x_wconf 91' lang='lat' dir='ltr'>coram</span> <span class='ocrx_word' id='word_1_156' title='bbox 1432 2720 1503 2807; x_wconf 88' lang='lat' dir='ltr'>Eo,</span> 
     </span>
     <span class='ocr_line' id='line_1_22' title="bbox 245 2833 1265 2940; baseline -0.007 -23"><span class='ocrx_word' id='word_1_157' title='bbox 245 2861 283 2917; x_wconf 91' lang='lat' dir='ltr'>et</span> <span class='ocrx_word' id='word_1_158' title='bbox 301 2839 407 2940; x_wconf 93' lang='lat' dir='ltr'>quasi</span> <span class='ocrx_word' id='word_1_159' title='bbox 428 2837 582 2913; x_wconf 88' lang='lat' dir='ltr'>nihilum</span> <span class='ocrx_word' id='word_1_160' title='bbox 602 2857 640 2912; x_wconf 90' lang='lat' dir='ltr'>et</span> <span class='ocrx_word' id='word_1_161' title='bbox 655 2838 764 2912; x_wconf 91' lang='lat' dir='ltr'>inane</span> <span class='ocrx_word' id='word_1_162' title='bbox 785 2854 966 2933; x_wconf 84' lang='lat' dir='ltr'>reputatae</span> <span class='ocrx_word' id='word_1_163' title='bbox 985 2854 1073 2911; x_wconf 92' lang='lat' dir='ltr'>sunt</span> <span class='ocrx_word' id='word_1_164' title='bbox 1094 2837 1141 2910; x_wconf 90' lang='lat' dir='ltr'>Ei</span> <span class='ocrx_word' id='word_1_165' title='bbox 1162 2833 1227 2937; x_wconf 85' lang='lat'>(³)!</span> <span class='ocrx_word' id='word_1_166' title='bbox 1247 2837 1265 2865; x_wconf 85' lang='lat'>&#39;&#39;</span> 
     </span>
    </p>

    <p class='ocr_par' dir='ltr' id='par_1_8' title="bbox 245 2954 1506 4004">
     <span class='ocr_line' id='line_1_23' title="bbox 297 2954 1505 3054; baseline -0.001 -22"><span class='ocrx_word' id='word_1_167' title='bbox 297 2958 402 3054; x_wconf 81' lang='lat' dir='ltr'>Quot</span> <span class='ocrx_word' id='word_1_168' title='bbox 431 2973 611 3053; x_wconf 84' lang='lat' dir='ltr'>praeterea</span> <span class='ocrx_word' id='word_1_169' title='bbox 649 2956 782 3041; x_wconf 92' lang='lat' dir='ltr'>media,</span> <span class='ocrx_word' id='word_1_170' title='bbox 820 2954 932 3030; x_wconf 89' lang='lat' dir='ltr'>etiam</span> <span class='ocrx_word' id='word_1_171' title='bbox 972 2954 1211 3052; x_wconf 91' lang='lat' dir='ltr'>nobisplane</span> <span class='ocrx_word' id='word_1_172' title='bbox 1243 2955 1433 3054; x_wconf 91' lang='lat' dir='ltr'>impervia,</span> <span class='ocrx_word' id='word_1_173' title='bbox 1468 2957 1505 3032; x_wconf 91' lang='lat' dir='ltr'>in</span> 
     </span>
     <span class='ocr_line' id='line_1_24' title="bbox 246 3071 1505 3177; baseline -0.001 -26"><span class='ocrx_word' id='word_1_174' title='bbox 246 3094 421 3177; x_wconf 88' lang='lat' dir='ltr'>promptu</span> <span class='ocrx_word' id='word_1_175' title='bbox 440 3073 554 3148; x_wconf 92' lang='lat' dir='ltr'>habet</span> <span class='ocrx_word' id='word_1_176' title='bbox 574 3099 732 3172; x_wconf 91' lang='lat' dir='ltr'>magnus</span> <span class='ocrx_word' id='word_1_177' title='bbox 762 3071 822 3147; x_wconf 91' lang='lat' dir='ltr'>ille</span> <span class='ocrx_word' id='word_1_178' title='bbox 844 3073 960 3157; x_wconf 91' lang='lat' dir='ltr'>Deus,</span> <span class='ocrx_word' id='word_1_179' title='bbox 995 3072 1138 3147; x_wconf 88' lang='lat' dir='ltr'>infinite</span> <span class='ocrx_word' id='word_1_180' title='bbox 1170 3073 1331 3169; x_wconf 90' lang='lat' dir='ltr'>sapiens,</span> <span class='ocrx_word' id='word_1_181' title='bbox 1361 3072 1505 3151; x_wconf 88' lang='lat' dir='ltr'>infinite</span> 
     </span>
     <span class='ocr_line' id='line_1_25' title="bbox 247 3193 1504 3297; baseline -0.003 -23"><span class='ocrx_word' id='word_1_182' title='bbox 247 3217 392 3297; x_wconf 89' lang='lat' dir='ltr'>potens,</span> <span class='ocrx_word' id='word_1_183' title='bbox 406 3195 469 3295; x_wconf 93' lang='lat' dir='ltr'>qui</span> <span class='ocrx_word' id='word_1_184' title='bbox 488 3221 510 3268; x_wconf 95' lang='lat' dir='ltr'>a</span> <span class='ocrx_word' id='word_1_185' title='bbox 530 3194 603 3269; x_wconf 90' lang='lat' dir='ltr'>fine</span> <span class='ocrx_word' id='word_1_186' title='bbox 623 3220 741 3292; x_wconf 89' lang='lat' dir='ltr'>usque</span> <span class='ocrx_word' id='word_1_187' title='bbox 759 3196 805 3268; x_wconf 89' lang='lat' dir='ltr'>ad</span> <span class='ocrx_word' id='word_1_188' title='bbox 827 3193 937 3269; x_wconf 89' lang='lat' dir='ltr'>linem</span> <span class='ocrx_word' id='word_1_189' title='bbox 953 3195 1105 3293; x_wconf 87' lang='lat' dir='ltr'>attingit</span> <span class='ocrx_word' id='word_1_190' title='bbox 1125 3195 1270 3269; x_wconf 88' lang='lat' dir='ltr'>sortiter</span> <span class='ocrx_word' id='word_1_191' title='bbox 1283 3215 1321 3270; x_wconf 90' lang='lat' dir='ltr'>et</span> <span class='ocrx_word' id='word_1_192' title='bbox 1339 3194 1504 3294; x_wconf 91' lang='lat' dir='ltr'>disponit</span> 
     </span>
     <span class='ocr_line' id='line_1_26' title="bbox 246 3313 1505 3411; baseline -0.002 -21"><span class='ocrx_word' id='word_1_193' title='bbox 246 3315 371 3390; x_wconf 93' lang='lat' dir='ltr'>omnia</span> <span class='ocrx_word' id='word_1_194' title='bbox 390 3313 564 3398; x_wconf 88' lang='lat' dir='ltr'>suaviter,</span> <span class='ocrx_word' id='word_1_195' title='bbox 581 3313 685 3411; x_wconf 91' lang='lat' dir='ltr'>cujus</span> <span class='ocrx_word' id='word_1_196' title='bbox 706 3313 742 3385; x_wconf 92' lang='lat' dir='ltr'>in</span> <span class='ocrx_word' id='word_1_197' title='bbox 763 3337 874 3386; x_wconf 92' lang='lat' dir='ltr'>manu</span> <span class='ocrx_word' id='word_1_198' title='bbox 894 3331 1026 3386; x_wconf 91' lang='lat' dir='ltr'>cuncta</span> <span class='ocrx_word' id='word_1_199' title='bbox 1046 3313 1169 3391; x_wconf 90' lang='lat' dir='ltr'>media</span> <span class='ocrx_word' id='word_1_200' title='bbox 1183 3313 1404 3388; x_wconf 87' lang='lat' dir='ltr'>sufficientia</span> <span class='ocrx_word' id='word_1_201' title='bbox 1418 3332 1505 3388; x_wconf 92' lang='lat' dir='ltr'>sunt</span> 
     </span>
     <span class='ocr_line' id='line_1_27' title="bbox 245 3431 1502 3531; baseline -0.002 -23"><span class='ocrx_word' id='word_1_202' title='bbox 245 3434 405 3531; x_wconf 91' lang='lat' dir='ltr'>ideoque</span> <span class='ocrx_word' id='word_1_203' title='bbox 424 3431 717 3529; x_wconf 90' lang='lat' dir='ltr'>proportionata,</span> <span class='ocrx_word' id='word_1_204' title='bbox 738 3431 948 3529; x_wconf 92' lang='lat' dir='ltr'>propinqua</span> <span class='ocrx_word' id='word_1_205' title='bbox 968 3446 1006 3506; x_wconf 94' lang='lat' dir='ltr'>et</span> <span class='ocrx_word' id='word_1_206' title='bbox 1024 3431 1306 3507; x_wconf 90' lang='lat' dir='ltr'>accommodata</span> <span class='ocrx_word' id='word_1_207' title='bbox 1324 3431 1371 3507; x_wconf 94' lang='lat' dir='ltr'>ad</span> <span class='ocrx_word' id='word_1_208' title='bbox 1391 3431 1502 3507; x_wconf 87' lang='lat' dir='ltr'>finem</span> 
     </span>
     <span class='ocr_line' id='line_1_28' title="bbox 245 3551 1503 3651; baseline -0.001 -23"><span class='ocrx_word' id='word_1_209' title='bbox 245 3579 356 3651; x_wconf 94' lang='lat' dir='ltr'>quem</span> <span class='ocrx_word' id='word_1_210' title='bbox 387 3552 556 3627; x_wconf 89' lang='lat' dir='ltr'>intendit.</span> <span class='ocrx_word' id='word_1_211' title='bbox 592 3552 681 3627; x_wconf 89' lang='lat' dir='ltr'>Non</span> <span class='ocrx_word' id='word_1_212' title='bbox 712 3551 811 3625; x_wconf 92' lang='lat' dir='ltr'>enim</span> <span class='ocrx_word' id='word_1_213' title='bbox 839 3551 963 3626; x_wconf 91' lang='lat' dir='ltr'>Deum</span> <span class='ocrx_word' id='word_1_214' title='bbox 984 3579 1005 3626; x_wconf 96' lang='lat' dir='ltr'>a</span> <span class='ocrx_word' id='word_1_215' title='bbox 1024 3551 1204 3626; x_wconf 90' lang='lat' dir='ltr'>creaturis</span> <span class='ocrx_word' id='word_1_216' title='bbox 1222 3553 1388 3649; x_wconf 90' lang='lat' dir='ltr'>pendere</span> <span class='ocrx_word' id='word_1_217' title='bbox 1406 3553 1503 3627; x_wconf 93' lang='lat' dir='ltr'>dice·</span> 
     </span>
     <span class='ocr_line' id='line_1_29' title="bbox 246 3667 1505 3766; baseline -0.002 -20"><span class='ocrx_word' id='word_1_218' title='bbox 246 3698 337 3757; x_wconf 93' lang='lat' dir='ltr'>mus,</span> <span class='ocrx_word' id='word_1_219' title='bbox 356 3697 441 3745; x_wconf 92' lang='lat' dir='ltr'>cum</span> <span class='ocrx_word' id='word_1_220' title='bbox 461 3670 543 3744; x_wconf 85' lang='lat' dir='ltr'>istae</span> <span class='ocrx_word' id='word_1_221' title='bbox 560 3667 609 3743; x_wconf 93' lang='lat' dir='ltr'>illi</span> <span class='ocrx_word' id='word_1_222' title='bbox 630 3669 867 3745; x_wconf 90' lang='lat' dir='ltr'>subserviant</span> <span class='ocrx_word' id='word_1_223' title='bbox 896 3670 1009 3743; x_wconf 92' lang='lat' dir='ltr'>etiam</span> <span class='ocrx_word' id='word_1_224' title='bbox 1028 3670 1087 3744; x_wconf 81' lang='lat' dir='ltr'>&#39;ex</span> <span class='ocrx_word' id='word_1_225' title='bbox 1112 3670 1319 3766; x_wconf 88' lang='lat' dir='ltr'>capacitate</span> <span class='ocrx_word' id='word_1_226' title='bbox 1346 3668 1406 3745; x_wconf 95' lang='lat' dir='ltr'>vel</span> <span class='ocrx_word' id='word_1_227' title='bbox 1433 3671 1505 3744; x_wconf 91' lang='lat' dir='ltr'>vir·</span> 
     </span>
     <span class='ocr_line' id='line_1_30' title="bbox 246 3786 1504 3885; baseline -0.005 -17"><span class='ocrx_word' id='word_1_228' title='bbox 246 3812 325 3868; x_wconf 88' lang='lat' dir='ltr'>tute</span> <span class='ocrx_word' id='word_1_229' title='bbox 343 3787 584 3867; x_wconf 88' lang='lat' dir='ltr'>obedientiali</span> <span class='ocrx_word' id='word_1_230' title='bbox 612 3814 687 3885; x_wconf 90' lang='lat' dir='ltr'>qua</span> <span class='ocrx_word' id='word_1_231' title='bbox 715 3786 825 3862; x_wconf 90' lang='lat' dir='ltr'>utiles</span> <span class='ocrx_word' id='word_1_232' title='bbox 854 3787 945 3862; x_wconf 91' lang='lat' dir='ltr'>fiant</span> <span class='ocrx_word' id='word_1_233' title='bbox 978 3814 1025 3862; x_wconf 91' lang='lat' dir='ltr'>ex</span> <span class='ocrx_word' id='word_1_234' title='bbox 1054 3786 1133 3861; x_wconf 90' lang='lat' dir='ltr'>sola</span> <span class='ocrx_word' id='word_1_235' title='bbox 1160 3786 1343 3862; x_wconf 91' lang='lat' dir='ltr'>electione</span> <span class='ocrx_word' id='word_1_236' title='bbox 1365 3788 1438 3863; x_wconf 91' lang='lat' dir='ltr'>Dei</span> <span class='ocrx_word' id='word_1_237' title='bbox 1457 3788 1504 3863; x_wconf 92' lang='lat' dir='ltr'>ad</span> 
     </span>
     <span class='ocr_line' id='line_1_31' title="bbox 247 3904 1506 4004; baseline -0.002 -20"><span class='ocrx_word' id='word_1_238' title='bbox 247 3909 357 3985; x_wconf 90' lang='lat' dir='ltr'>talem</span> <span class='ocrx_word' id='word_1_239' title='bbox 377 3907 489 3984; x_wconf 87' lang='lat' dir='ltr'>finem</span> <span class='ocrx_word' id='word_1_240' title='bbox 509 3906 767 3992; x_wconf 92' lang='lat' dir='ltr'>obtinendum,</span> <span class='ocrx_word' id='word_1_241' title='bbox 799 3906 888 4004; x_wconf 92' lang='lat' dir='ltr'>quin</span> <span class='ocrx_word' id='word_1_242' title='bbox 918 3904 1058 4003; x_wconf 90' lang='lat' dir='ltr'>aliquid</span> <span class='ocrx_word' id='word_1_243' title='bbox 1089 3906 1299 3979; x_wconf 91' lang='lat' dir='ltr'>necessario</span> <span class='ocrx_word' id='word_1_244' title='bbox 1319 3905 1506 4004; x_wconf 92' lang='lat' dir='ltr'>imprimat</span> 
     </span>
    </p>
   </div>
   <div class='ocr_carea' id='block_1_4' title="bbox 246 4139 1596 4767">
    <p class='ocr_par' dir='ltr' id='par_1_9' title="bbox 246 4139 1596 4607">
     <span class='ocr_line' id='line_1_32' title="bbox 284 4139 1596 4211; baseline 0 -15"><span class='ocrx_word' id='word_1_245' title='bbox 284 4157 306 4197; x_wconf 93' lang='lat'>1.</span> <span class='ocrx_word' id='word_1_246' title='bbox 326 4143 415 4197; x_wconf 78' lang='lat' dir='ltr'>livre</span> <span class='ocrx_word' id='word_1_247' title='bbox 427 4142 541 4196; x_wconf 80' lang='lat' dir='ltr'>d&#39;ordu</span> <span class='ocrx_word' id='word_1_248' title='bbox 560 4141 714 4210; x_wconf 80' lang='lat' dir='ltr'>Pontificat</span> <span class='ocrx_word' id='word_1_249' title='bbox 725 4141 758 4196; x_wconf 76' lang='lat' dir='ltr'>de</span> <span class='ocrx_word' id='word_1_250' title='bbox 777 4142 850 4195; x_wconf 81' lang='lat' dir='ltr'>Llon</span> <span class='ocrx_word' id='word_1_251' title='bbox 866 4139 955 4199; x_wconf 83' lang='lat' dir='ltr'><em>XIII.</em></span> <span class='ocrx_word' id='word_1_252' title='bbox 972 4170 998 4180; x_wconf 94' lang='lat'>-</span> <span class='ocrx_word' id='word_1_253' title='bbox 1029 4140 1130 4208; x_wconf 90' lang='lat' dir='ltr'>Kurth,</span> <span class='ocrx_word' id='word_1_254' title='bbox 1144 4159 1170 4211; x_wconf 90' lang='lat' dir='ltr'>p.</span> <span class='ocrx_word' id='word_1_255' title='bbox 1187 4154 1245 4210; x_wconf 82' lang='lat'>395.</span> <span class='ocrx_word' id='word_1_256' title='bbox 1260 4171 1295 4179; x_wconf 97' lang='lat'><strong>—</strong></span> <span class='ocrx_word' id='word_1_257' title='bbox 1307 4141 1380 4195; x_wconf 83' lang='lat' dir='ltr'>Bim</span> <span class='ocrx_word' id='word_1_258' title='bbox 1399 4141 1506 4211; x_wconf 82' lang='lat' dir='ltr'>Public,</span> <span class='ocrx_word' id='word_1_259' title='bbox 1594 4152 1596 4159; x_wconf 88' lang='lat'>&#39;</span> 
     </span>
     <span class='ocr_line' id='line_1_33' title="bbox 249 4219 1507 4290; baseline 0 -14"><span class='ocrx_word' id='word_1_260' title='bbox 249 4236 280 4287; x_wconf 83' lang='lat'>14</span> <span class='ocrx_word' id='word_1_261' title='bbox 295 4222 363 4276; x_wconf 73' lang='lat' dir='ltr'>Dec.</span> <span class='ocrx_word' id='word_1_262' title='bbox 382 4222 456 4288; x_wconf 85' lang='lat'>1896.</span> <span class='ocrx_word' id='word_1_263' title='bbox 479 4221 519 4274; x_wconf 77' lang='lat' dir='ltr'>Le</span> <span class='ocrx_word' id='word_1_264' title='bbox 538 4226 715 4274; x_wconf 82' lang='lat' dir='ltr'>mouvement</span> <span class='ocrx_word' id='word_1_265' title='bbox 730 4219 888 4289; x_wconf 80' lang='lat' dir='ltr'>catholique</span> <span class='ocrx_word' id='word_1_266' title='bbox 907 4237 942 4273; x_wconf 84' lang='lat' dir='ltr'>en</span> <span class='ocrx_word' id='word_1_267' title='bbox 959 4219 1051 4274; x_wconf 80' lang='lat' dir='ltr'>Italic.</span> <span class='ocrx_word' id='word_1_268' title='bbox 1073 4249 1109 4258; x_wconf 92' lang='lat'>—</span> <span class='ocrx_word' id='word_1_269' title='bbox 1134 4219 1151 4247; x_wconf 89' lang='lat'><strong>“</strong></span> <span class='ocrx_word' id='word_1_270' title='bbox 1168 4221 1190 4273; x_wconf 91' lang='lat' dir='ltr'>ll</span> <span class='ocrx_word' id='word_1_271' title='bbox 1214 4219 1330 4274; x_wconf 86' lang='lat' dir='ltr'>n&#39;existe</span> <span class='ocrx_word' id='word_1_272' title='bbox 1353 4237 1405 4290; x_wconf 89' lang='lat' dir='ltr'>pas</span> <span class='ocrx_word' id='word_1_273' title='bbox 1427 4231 1507 4276; x_wconf 85' lang='lat' dir='ltr'>entre</span> 
     </span>
     <span class='ocr_line' id='line_1_34' title="bbox 246 4299 1507 4371; baseline 0 -15"><span class='ocrx_word' id='word_1_274' title='bbox 246 4304 288 4358; x_wconf 85' lang='lat' dir='ltr'>les</span> <span class='ocrx_word' id='word_1_275' title='bbox 300 4301 477 4371; x_wconf 85' lang='lat' dir='ltr'>catholiques</span> <span class='ocrx_word' id='word_1_276' title='bbox 491 4300 603 4355; x_wconf 84' lang='lat' dir='ltr'>d&#39;ltalie</span> <span class='ocrx_word' id='word_1_277' title='bbox 617 4317 665 4355; x_wconf 86' lang='lat' dir='ltr'>ces</span> <span class='ocrx_word' id='word_1_278' title='bbox 678 4299 817 4353; x_wconf 86' lang='lat' dir='ltr'>divisions</span> <span class='ocrx_word' id='word_1_279' title='bbox 837 4299 998 4369; x_wconf 89' lang='lat' dir='ltr'>politiques,</span> <span class='ocrx_word' id='word_1_280' title='bbox 1012 4299 1059 4368; x_wconf 90' lang='lat' dir='ltr'>qui</span> <span class='ocrx_word' id='word_1_281' title='bbox 1074 4300 1236 4369; x_wconf 90' lang='lat' dir='ltr'>paralysent</span> <span class='ocrx_word' id='word_1_282' title='bbox 1256 4308 1319 4369; x_wconf 88' lang='lat' dir='ltr'>trop</span> <span class='ocrx_word' id='word_1_283' title='bbox 1333 4311 1452 4355; x_wconf 86' lang='lat' dir='ltr'>souvent</span> <span class='ocrx_word' id='word_1_284' title='bbox 1466 4301 1507 4356; x_wconf 88' lang='lat' dir='ltr'>les</span> 
     </span>
     <span class='ocr_line' id='line_1_35' title="bbox 246 4377 1507 4450; baseline -0.002 -14"><span class='ocrx_word' id='word_1_285' title='bbox 246 4382 342 4437; x_wconf 83' lang='lat' dir='ltr'>efiorts</span> <span class='ocrx_word' id='word_1_286' title='bbox 356 4383 396 4435; x_wconf 90' lang='lat' dir='ltr'>les</span> <span class='ocrx_word' id='word_1_287' title='bbox 410 4381 472 4450; x_wconf 88' lang='lat' dir='ltr'>plus</span> <span class='ocrx_word' id='word_1_288' title='bbox 484 4379 626 4448; x_wconf 64' lang='lat' dir='ltr'>genereus</span> <span class='ocrx_word' id='word_1_289' title='bbox 639 4379 675 4434; x_wconf 91' lang='lat' dir='ltr'>de</span> <span class='ocrx_word' id='word_1_290' title='bbox 689 4380 763 4434; x_wconf 85' lang='lat' dir='ltr'>leurs</span> <span class='ocrx_word' id='word_1_291' title='bbox 776 4377 918 4433; x_wconf 74' lang='lat' dir='ltr'>consceres</span> <span class='ocrx_word' id='word_1_292' title='bbox 932 4378 967 4432; x_wconf 92' lang='lat' dir='ltr'>de</span> <span class='ocrx_word' id='word_1_293' title='bbox 983 4380 1093 4433; x_wconf 75' lang='lat' dir='ltr'>Franco</span> <span class='ocrx_word' id='word_1_294' title='bbox 1105 4389 1133 4434; x_wconf 88' lang='lat' dir='ltr'>et</span> <span class='ocrx_word' id='word_1_295' title='bbox 1146 4379 1318 4449; x_wconf 83' lang='lat' dir='ltr'>d’Espagne.</span> <span class='ocrx_word' id='word_1_296' title='bbox 1332 4408 1365 4417; x_wconf 98' lang='lat'>-</span> <span class='ocrx_word' id='word_1_297' title='bbox 1379 4379 1417 4433; x_wconf 91' lang='lat' dir='ltr'>lls</span> <span class='ocrx_word' id='word_1_298' title='bbox 1431 4380 1507 4434; x_wconf 87' lang='lat' dir='ltr'>n&#39;ont</span> 
     </span>
     <span class='ocr_line' id='line_1_36' title="bbox 246 4458 1507 4531; baseline -0.002 -16"><span class='ocrx_word' id='word_1_299' title='bbox 246 4462 329 4531; x_wconf 90' lang='lat' dir='ltr'>qu¹un</span> <span class='ocrx_word' id='word_1_300' title='bbox 343 4461 413 4515; x_wconf 86' lang='lat' dir='ltr'>but:</span> <span class='ocrx_word' id='word_1_301' title='bbox 427 4459 549 4513; x_wconf 72' lang='grc' dir='ltr'>ἀέῑίνῐετ</span> <span class='ocrx_word' id='word_1_302' title='bbox 565 4458 667 4513; x_wconf 83' lang='lat' dir='ltr'>l&#39;ltalie</span> <span class='ocrx_word' id='word_1_303' title='bbox 688 4458 766 4512; x_wconf 89' lang='lat' dir='ltr'>dela</span> <span class='ocrx_word' id='word_1_304' title='bbox 787 4458 941 4511; x_wconf 86' lang='lat' dir='ltr'>Puissance</span> <span class='ocrx_word' id='word_1_305' title='bbox 964 4458 1165 4528; x_wconf 74' lang='lat' dir='ltr'>Maqonnique,</span> <span class='ocrx_word' id='word_1_306' title='bbox 1178 4475 1248 4527; x_wconf 92' lang='lat' dir='ltr'>pour</span> <span class='ocrx_word' id='word_1_307' title='bbox 1271 4459 1297 4511; x_wconf 93' lang='lat' dir='ltr'>la</span> <span class='ocrx_word' id='word_1_308' title='bbox 1311 4474 1441 4513; x_wconf 86' lang='lat' dir='ltr'>ramener</span> <span class='ocrx_word' id='word_1_309' title='bbox 1453 4475 1507 4513; x_wconf 89' lang='lat' dir='ltr'>aux</span> 
     </span>
     <span class='ocr_line' id='line_1_37' title="bbox 248 4536 1215 4607; baseline -0.005 -12"><span class='ocrx_word' id='word_1_310' title='bbox 248 4540 398 4595; x_wconf 86' lang='lat' dir='ltr'>traditions</span> <span class='ocrx_word' id='word_1_311' title='bbox 411 4537 571 4594; x_wconf 87' lang='lat' dir='ltr'>nationales</span> <span class='ocrx_word' id='word_1_312' title='bbox 585 4549 612 4592; x_wconf 87' lang='lat' dir='ltr'>et</span> <span class='ocrx_word' id='word_1_313' title='bbox 627 4537 792 4607; x_wconf 85' lang='lat' dir='ltr'>religieuses</span> <span class='ocrx_word' id='word_1_314' title='bbox 805 4537 852 4607; x_wconf 87' lang='lat' dir='ltr'>qui</span> <span class='ocrx_word' id='word_1_315' title='bbox 867 4547 916 4590; x_wconf 87' lang='lat' dir='ltr'>ont</span> <span class='ocrx_word' id='word_1_316' title='bbox 930 4536 979 4590; x_wconf 84' lang='lat' dir='ltr'>fait</span> <span class='ocrx_word' id='word_1_317' title='bbox 993 4554 1026 4591; x_wconf 90' lang='lat' dir='ltr'>sa</span> <span class='ocrx_word' id='word_1_318' title='bbox 1038 4538 1187 4607; x_wconf 83' lang='lat' dir='ltr'>grandeur.</span> <span class='ocrx_word' id='word_1_319' title='bbox 1201 4537 1215 4565; x_wconf 85' lang='lat'>’²</span> 
     </span>
    </p>

    <p class='ocr_par' dir='ltr' id='par_1_10' title="bbox 285 4620 578 4688">
     <span class='ocr_line' id='line_1_38' title="bbox 285 4620 578 4688; baseline -0.01 -14"><span class='ocrx_word' id='word_1_320' title='bbox 285 4634 308 4674; x_wconf 88' lang='lat'>2.</span> <span class='ocrx_word' id='word_1_321' title='bbox 328 4620 416 4688; x_wconf 71' lang='lat' dir='ltr'>Rom,</span> <span class='ocrx_word' id='word_1_322' title='bbox 431 4630 474 4687; x_wconf 85' lang='lat' dir='ltr'>x1,</span> <span class='ocrx_word' id='word_1_323' title='bbox 489 4631 578 4686; x_wconf 57' lang='grc' dir='ltr'>33-3ιμ</span> 
     </span>
    </p>

    <p class='ocr_par' dir='ltr' id='par_1_11' title="bbox 286 4699 544 4767">
     <span class='ocr_line' id='line_1_39' title="bbox 286 4699 544 4767; baseline 0 -16"><span class='ocrx_word' id='word_1_324' title='bbox 286 4715 309 4767; x_wconf 78' lang='lat'>3.</span> <span class='ocrx_word' id='word_1_325' title='bbox 329 4699 376 4767; x_wconf 71' lang='lat' dir='ltr'>Is,</span> <span class='ocrx_word' id='word_1_326' title='bbox 390 4711 440 4767; x_wconf 77' lang='lat' dir='ltr'>xc,</span> <span class='ocrx_word' id='word_1_327' title='bbox 457 4711 544 4764; x_wconf 60' lang='lat'>1417.</span> 
     </span>
    </p>
   </div>
   <div class='ocr_carea' id='block_1_5' title="bbox 302 4817 552 4871">
    <p class='ocr_par' dir='ltr' id='par_1_12' title="bbox 302 4817 552 4871">
     <span class='ocr_line' id='line_1_40' title="bbox 302 4817 552 4871; baseline -0.004 -11"><span class='ocrx_word' id='word_1_328' title='bbox 302 4819 362 4871; x_wconf 82' lang='lat' dir='ltr'>Papa</span> <span class='ocrx_word' id='word_1_329' title='bbox 375 4817 403 4860; x_wconf 83' lang='lat' dir='ltr'>sit</span> <span class='ocrx_word' id='word_1_330' title='bbox 416 4831 453 4859; x_wconf 84' lang='lat' dir='ltr'>rex</span> <span class='ocrx_word' id='word_1_331' title='bbox 468 4818 552 4860; x_wconf 73' lang='lat' dir='ltr'>Rom.</span> 
     </span>
    </p>
   </div>
   <div class='ocr_carea' id='block_1_6' title="bbox 0 0 1761 5482">
    <p class='ocr_par' dir='ltr' id='par_1_13' title="bbox 0 0 1761 5482">
     <span class='ocr_line' id='line_1_41' title="bbox 0 0 1761 5482; baseline 0 0"><span class='ocrx_word' id='word_1_332' title='bbox 0 0 1761 5482; x_wconf 95' lang='lat' dir='ltr'> </span> 
     </span>
    </p>
   </div>
  </div>
 </body>
</html>
