3496 5482
180 524 701 539 W*—
705 524 943 532 ...ψ-..ημ-
1273 523 1327 531 -α-
1331 523 1438 531 -ι-ι

638 587 761 640 capua
787 588 972 639 naamon.
1390 586 1431 659 51

183 778 230 830 20
249 753 487 850 Septembris
504 753 591 826 anni
616 755 721 844 1870,
741 768 779 825 et
797 752 845 826 ad
864 750 1143 848 diplomaticum
1168 751 1436 852 guberniorum

178 888 317 946 coetum
345 871 444 968 apud
475 870 513 945 S.
548 870 697 958 Sedem,
730 896 778 944 ex
815 870 993 945 mandato
1032 870 1266 944 Sanctissimi
1301 869 1432 956 Patris,

180 991 314 1066 missae.
340 992 383 1065 ln
414 990 516 1066 hisce
544 989 689 1064 invasio
707 988 787 1064 haec
814 1006 964 1064 notatur
982 1006 1021 1063 ut
1043 988 1261 1087 “sacrilega
1281 1012 1434 1084 usurpa·

178 1111 230 1184 tio
249 1108 268 1136 ”
288 1126 325 1184 et
341 1119 361 1149 ‘⁴
381 1108 554 1183 immanis
574 1108 780 1206 iniquitatis
793 1126 897 1181 actus
913 1108 942 1181 ¹¹.
966 1107 1114 1181 Dicitur
1133 1132 1198 1204 per
1218 1103 1316 1179 illam
1338 1114 1357 1143 “
1375 1131 1434 1179 su·

176 1253 346 1324 premum
375 1226 557 1301 Ecclesiae
586 1224 779 1301 catholicae
799 1226 924 1322 Caput
963 1225 999 1298 in
1033 1250 1078 1299 ea
1108 1249 1230 1300 rerum
1262 1224 1435 1322 angustia

175 1343 408 1430 collocatum,
429 1362 470 1419 ut
493 1342 725 1442 spiritualem
758 1347 862 1417 sua'm
881 1343 1140 1417 auctoritatem
1163 1367 1338 1417 exercere
1370 1367 1433 1415 ne·

176 1482 289 1563 queat
307 1491 352 1540 ea
368 1466 535 1562 expedita
559 1464 728 1538 libertate
746 1489 788 1536 ac
820 1462 1120 1560 independentia,
1148 1463 1256 1560 queis
1286 1486 1354 1560 pro
1373 1461 1429 1535 sui

176 1583 370 1658 ministerii
390 1583 532 1659 ratione
551 1607 677 1658 carere
695 1606 896 1679 numquam
916 1597 1052 1678 potest.
1074 1580 1092 1608 '’

229 1713 285 1812 6)
315 1714 420 1788 Idem
450 1715 560 1790 docet
583 1715 685 1811 Papa
706 1713 860 1787 Litteris
879 1711 990 1809 paulo
1017 1729 1103 1810 post
1130 1712 1228 1787 datis
1255 1711 1433 1787 Eminen-

177 1831 330 1907 tissimis
345 1831 618 1917 Cardinalibus,
632 1831 693 1906 die
712 1830 852 1906 scilicet
873 1855 919 1923 29
939 1830 1108 1928 ejusdem
1128 1831 1267 1906 mensis
1285 1848 1323 1904 et
1334 1831 1431 1903 anni.

180 1963 201 1992 ‘⁸
224 1952 309 2027 Nos
328 1952 439 2040 enim,
457 1997 507 2008 -
522 1952 573 2026 ita
587 1952 727 2039 scribit,
741 1996 790 2008 —
805 1952 869 2048 qui
889 1950 975 2025 licet
989 1950 1132 2050 indigni
1144 1968 1182 2025 et
1195 1951 1435 2024 immerentes

177 2071 315 2145 vicaria
333 2069 474 2145 Christi
496 2069 651 2144 Domini
685 2070 721 2143 in
752 2069 859 2144 terris
884 2087 1071 2166 potestate
1094 2068 1292 2167 fungimur,
1313 2068 1432 2166 etqui

179 2193 311 2268 Pastor
336 2218 465 2267 sumus
495 2192 531 2266 in
563 2193 739 2267 universa
766 2192 880 2266 domo
903 2190 1029 2277 lsrael,
1051 2216 1148 2264 nunc
1177 2189 1349 2264 libertate
1371 2187 1432 2263 illa

174 2336 301 2386 carere
320 2311 442 2408 reipsa
460 2310 684 2408 experimur,
701 2335 785 2408 quae
814 2309 862 2383 ad
891 2308 1095 2407 regendam
1116 2307 1326 2383 Ecclesiam
1344 2307 1429 2392 Dei,

174 2428 330 2528 ejusque
345 2428 508 2503 rationes
527 2427 709 2502 curandas
737 2427 891 2502 omnino
913 2426 948 2499 N
954 2425 1036 2500 obis
1061 2425 1271 2501 necessaria
1290 2442 1347 2499 est
1361 2451 1368 2509 ;
1383 2469 1434 2480 —

174 2566 287 2646 atque
299 2549 395 2623 hanc
407 2549 716 2647 protestationem
729 2573 751 2621 a
769 2547 892 2621 Nobis
906 2547 1149 2622 emittendam
1163 2572 1247 2622 esse
1259 2571 1306 2619 ex
1321 2545 1432 2619 officii

178 2668 310 2744 Nostri
329 2668 459 2744 debito
478 2670 670 2757 sentimus,
692 2694 776 2744 eam
806 2666 964 2765 publicis
992 2668 1105 2743 etiam
1134 2667 1356 2767 consignare
1375 2665 1433 2740 lit·

175 2786 263 2862 teris
290 2787 327 2861 in
354 2787 480 2861 animo
507 2786 700 2874 habentes,
726 2805 766 2861 ut
794 2787 970 2860 universo
997 2784 1182 2861 catholico
1208 2785 1290 2860 orbi
1317 2783 1432 2860 veluti

174 2928 241 3001 par
258 2922 326 2992 est,
347 2903 569 2978 innotescat.
591 2903 608 2929 ''

95 3058 103 3075 ·
224 3033 291 3132 H)
322 3035 397 3109 Die
427 3058 475 3110 20
494 3033 673 3109 Octobris
702 3035 897 3133 sequentis
917 3033 1157 3132 Apostolicas
1175 3037 1239 3110 dat
1271 3035 1433 3109 Litteras

175 3151 262 3226 Pius
285 3151 353 3239 lX,
373 3152 509 3249 quibus
527 3152 575 3225 ad
593 3150 693 3225 aliud
713 3152 959 3249 opportunius
977 3169 1015 3227 et
1033 3152 1266 3227 commodius
1284 3170 1433 3250 tempus

174 3268 382 3342 Concilium
394 3269 617 3344 Vaticanum
633 3269 881 3366 suspenditur,
895 3271 982 3367 quia
995 3270 1047 3344 ait
1064 3281 1084 3309 ‘⁶
1097 3269 1167 3344 sub
1179 3269 1303 3344 hostili
1316 3270 1432 3343 domi·

175 3386 325 3462 natione
352 3405 391 3462 et
417 3405 614 3485 potestate,
647 3387 733 3461 Deo
761 3387 813 3461 sic
833 3388 1074 3484 permittente
1101 3389 1150 3462 ob
1175 3387 1433 3484 imperscruta-

175 3504 262 3580 bilia
284 3506 427 3606 judicia
450 3532 527 3592 sua,
549 3507 697 3604 penitus
724 3507 916 3582 constituti
935 3533 1074 3582 sumus.
1100 3509 1143 3581 ln
1169 3508 1237 3581 hac
1265 3506 1434 3582 luctuosa

178 3647 300 3698 rerum
312 3624 625 3710 conditione‚cum
641 3625 724 3698 Nos
735 3650 757 3697 a
768 3624 886 3698 libero
900 3625 1154 3723 expeditoque
1166 3652 1234 3699 usu
1249 3651 1434 3723 supremae

178 3742 542 3818 auctoritatisNobis
556 3742 735 3816 divinitus
747 3740 892 3816 collatae
905 3743 1030 3817 multis
1043 3744 1164 3817 modis
1176 3743 1432 3841 impediamur,
1447 3758 1450 3763 “

177 3883 337 3956 cumque
364 3859 481 3958 probe
513 3857 764 3957 intelligamus
796 3860 947 3933 minime
975 3860 1065 3956 ipsis
1085 3859 1255 3935 Vaticani
1275 3859 1433 3935 Concilii

180 3975 354 4052 Patribus
380 3978 417 4052 in
445 3977 513 4051 hac
532 3976 630 4050 alma
652 3977 767 4064 Urbe,
791 3977 1038 4051 necessariam
1057 3977 1277 4065 libertatem,
1298 3977 1434 4053 securi·

179 4111 305 4184 tatem,
327 4095 633 4196 tranquillitatem
652 4114 854 4194 suppetere
872 4115 910 4170 et
928 4116 1101 4172 constare
1120 4124 1232 4195 posse
1250 4097 1279 4184 ”,
1300 4116 1386 4171 etc.-

219 4230 276 4331 J)
303 4233 453 4308 Deinde
485 4258 497 4306 1
526 4232 756 4307 Novembris
781 4237 885 4327 1870,
911 4260 1010 4309 anno
1032 4235 1274 4310 Pontificatus
1296 4236 1351 4309 Pii
1375 4234 1434 4309 lX

172 4350 252 4449 jam
272 4355 451 4429 vicesimo
469 4354 612 4451 quinto,
626 4354 663 4428 in
679 4355 807 4429 orbem
827 4354 1050 4430 catholicum
1071 4356 1184 4429 missa
1202 4374 1259 4431 est
1278 4354 1434 4430 celebris

180 4468 353 4566 Epistola
381 4471 583 4566 Encyclica
610 4473 863 4570 Respicienles.
892 4491 975 4572 qu'a,
997 4474 1189 4571 praemissa
1225 4474 1436 4548 narratione

178 4612 306 4663 eorum
337 4617 423 4689 quae
455 4589 658 4666 violentam
690 4592 903 4689 captionem
939 4592 1055 4667 Urbis
1086 4609 1357 4688 praecesserunt
1398 4610 1437 4664 et

176 4704 380 4783 subsecuta
391 4726 489 4797 sunt,
501 4735 669 4784 censurae
682 4712 761 4808 jam
780 4708 864 4783 latae
882 4711 1149 4783 confirmantur
1167 4728 1204 4784 et
1223 4708 1437 4783 solemniori
