3496 5482
509 530 631 582 canuc
658 530 838 582 oacruuu
865 530 1063 594 quxruu.

171 622 836 657 „2-...-„-.-.--.
1109 638 1413 650 mm„-

162 699 432 775 consulendum
452 697 527 799 ’'(¹)
546 699 672 772 -via
702 723 776 796 qua
806 699 1043 797 progreditur
1067 697 1298 773 socialismus
1328 700 1419 776 salsa

162 838 220 895 est
238 845 280 893 ac
309 817 423 893 ruinis
443 816 616 914 plena-
634 835 772 890 trames
797 842 887 891 vera
912 835 949 890 et
970 816 1077 890 unica
1095 835 1152 890 est
1179 817 1420 917 reintegratio

158 937 254 1036 juris
281 963 369 1012 vere
389 935 601 1010 Christiani.
623 980 670 990 -
694 936 752 1021 lta
770 934 928 1032 quaestio
956 933 1104 1008 socialis
1136 934 1182 1008 ad
1202 960 1314 1032 quam
1333 963 1421 1013 cura

163 1056 211 1130 de
229 1055 444 1130 conditione
463 1053 637 1152 opificum
654 1054 815 1127 maxime
834 1071 988 1151 spectat,
1009 1070 1049 1127 ut
1068 1078 1192 1127 ramus
1213 1055 1348 1131 ceteris
1367 1083 1421 1131 ra-

165 1174 340 1248 musculis
359 1174 489 1248 sortior
503 1191 540 1247 et
559 1198 709 1245 succum
730 1174 847 1246 trunci
869 1172 989 1271 magis
1008 1171 1224 1259 absorbens,
1245 1173 1421 1252 coincidit

164 1318 248 1367 cum
279 1291 549 1390 quaestionede
568 1291 752 1389 dignitate
771 1308 809 1365 et
834 1296 951 1390 regno
969 1291 1048 1365 veri
1060 1290 1154 1389 juris
1173 1290 1363 1369 christiani
1383 1313 1421 1371 et

165 1410 352 1509 aequitatis
372 1409 623 1485 restauranda
644 1409 740 1484 inter
753 1427 888 1508 gentes
902 1408 1124 1482 christianas
1151 1434 1292 1485 omnes.

217 1528 330 1624 Quod
345 1528 496 1627 quidem
525 1527 742 1602 intellexere
765 1527 833 1601 viri
866 1526 1100 1624 perspicaces
1122 1546 1162 1602 ut
1189 1529 1421 1626 aspirationi·

166 1649 235 1723 bus
254 1646 475 1745 populorum
491 1646 640 1720 obviam
656 1664 789 1720 euntes
805 1643 854 1718 nil
872 1645 1116 1745 negligerent,
1133 1664 1172 1719 ut
1186 1648 1281 1722 duce
1296 1650 1421 1724 Ponti·

166 1766 235 1842 fice
249 1766 433 1852 Romano,
449 1764 637 1839 doctrinas
655 1763 868 1862 Encyclicae
882 1762 1093 1839 executioni
1110 1765 1328 1843 mandarent
1343 1794 1421 1843 cur·

165 1910 323 1982 sumque
342 1903 379 1959 et
406 1902 562 1957 conatus
582 1881 803 1980 populorum
825 1883 861 1956 in
882 1899 982 1958 recta
1001 1883 1148 1958 tramite
1175 1886 1420 1962 continerent.

220 2004 293 2077 Ast
308 2004 386 2102 jam
406 2002 453 2076 ad
473 2027 627 2099 scopum
648 2001 867 2076 redeamus:
888 2001 918 2074 si
939 2000 1024 2074 ideo
1043 2000 1205 2076 fremunt
1222 2023 1366 2103 gentes,
1384 2024 1424 2080 ut

167 2121 324 2220 pristino
346 2122 431 2220 jure
457 2121 596 2217 potitae,
627 2120 784 2217 pristina
810 2145 913 2216 pace,
940 2118 1073 2193 ordine
1105 2139 1218 2219 atque
1236 2122 1424 2198 civilitatis

167 2265 367 2340 progressu
400 2239 576 2324 fruantur,
597 2239 680 2335 quis
707 2257 764 2313 est
783 2239 845 2335 qui
880 2263 954 2312 non
973 2237 1181 2334 perspiciat,
1205 2240 1273 2314 nist
1301 2261 1425 2316 motus

167 2360 409 2455 abrumpatur
427 2376 489 2431 aut
520 2359 555 2431 in
577 2357 705 2432 inanes
724 2356 872 2432 desinat
891 2376 1067 2454 tanquam
1088 2357 1154 2430 viri
1182 2358 1426 2434 febricitantis

168 2495 323 2552 conatus
347 2477 410 2574 qui
440 2476 591 2550 tandem
621 2477 657 2549 in
687 2476 887 2573 perniciem
925 2494 1130 2562 vertuntur,
1152 2479 1425 2554 commotiones

168 2615 280 2694 atque
320 2594 566 2692 aspirationes
602 2593 682 2668 illas
719 2594 870 2669 tandem
903 2621 950 2669 eo
986 2613 1231 2693 perventuras
1267 2621 1351 2671 esse
1386 2615 1427 2671 ut

170 2714 477 2789 restaurationem
508 2712 668 2787 clament
698 2711 793 2786 illius
817 2712 912 2811 juris
936 2714 1136 2799 Pontificis,
1159 2714 1195 2787 in
1215 2740 1289 2812 quo
1321 2715 1427 2812 quasi

169 2851 342 2906 concreta
360 2850 399 2906 et
416 2835 560 2905 sacrata
580 2831 764 2905 habentur
777 2851 910 2906 cuncta
919 2833 1005 2931 jura
1020 2832 1141 2906 civilia
1160 2852 1197 2907 et
1217 2832 1426 2930 personalia

169 2951 388 3025 societatum
412 2948 587 3047 Europae,
608 2949 644 3023 in
673 2976 748 3048 quo
767 2948 848 3024 solo
873 2950 1084 3025 universale
1103 2976 1260 3050 regnum
1274 2952 1371 3049 juris
1390 2969 1428 3026 et

172 3069 358 3167 aequitatis
390 3068 438 3142 de
457 3068 554 3142 lacto
573 3093 616 3142 ac
635 3068 782 3166 publice
801 3070 999 3144 restaurari
1019 3087 1144 3168 potest
1160 3096 1168 3156 ;
1187 3095 1271 3143 cum
1291 3070 1327 3143 in
1347 3071 1428 3169 ejus

171 3189 368 3264 eversione
386 3207 424 3262 et
443 3186 667 3285 spoliatione
685 3206 818 3263 cuncta
837 3188 922 3287 jura
941 3207 978 3263 et
999 3187 1220 3286 populorum
1241 3206 1278 3263 et
1299 3214 1427 3287 regum

171 3307 368 3404 periclitari
387 3309 569 3405 coeperint
588 3307 603 3382 ἲ
838 3305 840 3310 ’

225 3425 282 3500 lta
309 3427 345 3499 in
373 3426 544 3523 proximo
562 3444 620 3500 est
646 3444 686 3500 ut
715 3426 962 3526 reintegretur
979 3427 1042 3524 jus
1072 3426 1173 3525 quod
1205 3426 1334 3501 laesum
1362 3453 1429 3525 per

172 3543 249 3619 sere
273 3543 459 3645 integrum
492 3543 667 3619 saeculum
712 3546 927 3619 scandalum
960 3564 1158 3643 promovet
1194 3545 1426 3643 populorum,
1496 3610 1499 3615 .

171 3662 272 3759 quod
286 3663 415 3760 nequit
433 3661 613 3736 violatum
642 3688 862 3759 permanere
880 3663 969 3760 quin
988 3662 1096 3737 simul
1116 3680 1154 3738 et
1167 3663 1254 3762 jura
1273 3664 1430 3737 auctori·

172 3780 258 3855 tatis
277 3781 390 3882 regiae
409 3798 447 3856 et
476 3779 652 3879 legitimae
675 3781 913 3879 proprietatis
947 3781 1125 3856 continuo
1143 3781 1346 3856 discrimini
1367 3807 1430 3856 ex·

173 3918 368 3995 ponantur,
407 3898 507 3996 quod
553 3898 701 3974 silentio
732 3918 769 3974 et
798 3899 1105 3974 non-interventu
1141 3924 1271 3998 regum
1308 3899 1433 3997 inique

173 4014 371 4111 spoliatum
391 4017 557 4091 existens
570 4016 712 4117 jugiter
736 4036 862 4092 movet
888 4016 1133 4092 diffidentiam
1154 4015 1375 4114 populorum
1398 4016 1434 4089 in

178 4132 378 4229 Principes,
399 4134 488 4207 dum
513 4159 604 4209 vero
623 4133 724 4209 solus
747 4135 919 4210 Pontifex
944 4133 1125 4233 spoliatus
1146 4133 1279 4208 fiducia
1298 4134 1433 4209 indesi-

177 4269 309 4324 nenter
321 4252 462 4350 gaudet
480 4252 647 4326 omnium
666 4279 707 4326 ac
723 4251 965 4352 singulorum.

230 4382 280 4443 13.
302 4368 416 4463 Quod
435 4369 466 4442 si
485 4394 649 4467 unquam
680 4372 833 4468 antiqua
865 4371 1023 4445 societas
1044 4371 1210 4466 Europae
1243 4387 1280 4442 et
1299 4387 1433 4467 gentes

178 4487 413 4560 Germanicae
457 4488 582 4585 stirpis
627 4488 770 4586 spiritui
820 4490 1056 4564 tenebrarum
1106 4513 1181 4585 quo
1233 4486 1435 4560 Massones

392 4640 527 4646 .--—-—
555 4640 916 4647 ——.-.-.-..--.0---——.-
939 4642 1032 4647 —..—
1060 4640 1168 4647 -—-—
1183 4636 1432 4646 --—·--—-—-——·

217 4699 481 4766 1.Encycl.Rerum
495 4701 657 4767 Novarum,
674 4713 704 4769 ις
721 4700 791 4754 lllnii
808 4703 883 4767 189¹.
