3496 5482
1174 509 1447 519 Ἥ

622 573 745 624 curua
774 571 1020 622 uunncmutr.
1379 558 1449 647 265

196 734 287 807 Sodi
299 735 520 809 Dominr'um
534 734 597 807 lroc
607 759 754 807 socrum
766 732 864 830 quod
871 731 916 805 ab
926 757 968 804 ea
983 731 1120 828 injuste
1137 741 1172 805 et
1182 732 1454 829 vr'olentcrsuit

199 853 363 927 ablatum
375 853 490 927 ”.-“
501 853 652 926 Praeter
670 876 797 927 veram
810 847 1140 947 absolutamqueN
1146 851 1236 924 ostri
1253 851 1454 927 restitutio·

199 996 283 1046 nem
315 972 351 1044 in
383 970 578 1068 pristinum
614 969 876 1068 Principatum‚
903 967 1023 1065 qualis
1041 993 1062 1041 a
1082 957 1269 1065 potestate
1299 969 1451 1053 Nostra,

199 1088 287 1164 nulli
307 1089 499 1164 hominum
518 1088 691 1175 obnoxia,
711 1113 753 1161 ac
773 1085 885 1161 Sedis
900 1085 937 1159 A
945 1084 1149 1184 postolicae
1177 1086 1360 1185 dignitate
1378 1087 1454 1162 exi·

198 1209 308 1308 gitur,
324 1207 437 1281 alium
456 1206 768 1281 conventionibus
784 1204 956 1278 ineundis
972 1203 1129 1301 pacique
1147 1203 1352 1280 firmandae
1378 1204 1453 1278 adi-

199 1346 288 1412 tum,
307 1343 434 1423 patere
454 1326 625 1399 videmus
645 1322 784 1397 nullum
803 1320 846 1422 (¹)

251 1444 358 1541 Ergo
379 1445 480 1540 Papa
498 1443 546 1517 sit
564 1445 647 1517 Rex
668 1442 824 1516 Romae!

254 1564 341 1638 Hoc
355 1580 412 1638 est
432 1562 623 1661 negotium
644 1561 807 1635 maxime
835 1560 1024 1634 momenti.
1094 1621 1099 1628 .

255 1681 341 1754 Hoc
361 1680 521 1755 maxime
536 1704 673 1778 urgens
691 1697 749 1753 est
774 1679 810 1752 in
834 1677 975 1752 mundo
1003 1702 1092 1754 vere
1120 1677 1271 1776 politico
1293 1678 1400 1753 sicuti
1419 1696 1458 1752 et

203 1800 240 1873 in
254 1799 393 1873 mundo
408 1797 594 1897 religioso,

257 1917 343 1991 Hoc
362 1917 408 1989 ad
431 1916 676 1990 obtinendum
705 1939 859 1991 necesse
882 1933 979 1989 este
1004 1915 1129 1990 medio
1158 1914 1333 1990 tollantur
1359 1940 1458 2013 quae·

203 2061 362 2133 cumque
398 2032 599 2121 obstacula,
633 2059 716 2132 quae
756 2032 936 2108 hactenus
981 2035 1079 2107 viam
1124 2033 1351 2131 praecludere
1379 2033 1459 2108 visa

204 2173 290 2228 sunt
310 2155 356 2227 ad
376 2153 648 2227 restitutionem
671 2152 822 2239 ordinis,
832 2153 933 2250 pacis
952 2171 990 2228 et
1009 2153 1293 2251 tranquillitatis,
1315 2179 1361 2229 ne
1382 2178 1459 2227 am·

205 2271 300 2368 plius
320 2272 608 2368 pessumdentur
626 2272 824 2346 societates
843 2291 881 2345 et
900 2288 939 2346 ut
965 2273 1219 2347 moderatores
1238 2270 1459 2368 populorum

205 2391 348 2486 possint
360 2390 429 2464 sub
457 2389 606 2486 auspice
617 2387 796 2463 Ecclesiae
810 2408 848 2463 et
863 2413 1013 2485 parcere
1031 2389 1208 2489 subjectis
1221 2408 1259 2464 et
1273 2387 1460 2463 debellare

208 2511 399 2607 superbos.

1233 2653 1454 2663 ————a

246 2736 266 2774 r.
283 2723 374 2792 Epist.
387 2721 434 2778 cit.
445 2724 481 2777 ad
497 2723 580 2777 Card.
598 2724 755 2794 Rampolla.
