3496 5482
249 463 311 473 ⁸——
541 460 1502 479 *ffl—Q—t——u-——v

248 525 322 599 310
655 523 747 573 ΡΑΡΑ
774 522 833 572 SIT
861 520 936 571 REX
966 522 1093 573 ROMAE.

303 683 459 760 Utinam
478 709 569 781 ergo
588 709 655 780 pro
677 684 777 758 bono
795 683 975 759 Ecclesiae
993 702 1106 782 atque
1123 686 1242 760 civilis
1257 689 1368 762 etiam
1387 689 1504 765 socie·

252 802 340 877 tatis
357 804 461 879 ocius
481 820 716 878 removeatur
734 803 936 877 maximum
959 821 997 877 et
1024 803 1148 878 forsan
1177 805 1327 880 unicum
1350 807 1504 906 impedi·

249 940 416 996 mentum
434 922 589 1007 concilii,
609 921 804 1018 occupatio
818 921 1033 996 Massonica
1051 921 1158 996 almae
1181 924 1306 1011 Urbis,
1327 943 1364 1000 et
1381 944 1504 1002 cesset

249 1038 300 1112 ita
317 1040 457 1119 crimen
471 1040 568 1115 istud
585 1039 895 1144 anti-religiosum
914 1041 1285 1139 atqueantisociale.
1399 1099 1404 1108 .

301 1158 403 1256 Papa
431 1160 478 1235 sit
509 1159 592 1233 Rex
625 1159 882 1256 independens
912 1159 1044 1233 Romae
1073 1177 1111 1233 et
1140 1163 1276 1256 poterit
1298 1165 1503 1243 ostendere

248 1296 421 1353 concrete
439 1296 477 1353 et
506 1278 541 1355 in
573 1277 716 1375 praxim
735 1277 895 1352 deducta
918 1276 1097 1373 principia
1123 1277 1193 1352 illa.
1211 1280 1503 1357 fundamentalia

247 1419 332 1491 quae
351 1413 425 1478 tam
440 1396 551 1471 docte
568 1395 742 1493 exposuit
761 1395 798 1469 in
811 1395 1054 1470 celeberrima
1069 1397 1335 1473 constitutione
1346 1425 1415 1474 sua
1427 1401 1503 1475 lm·

248 1514 403 1588 mortale
420 1515 500 1588 Dei
518 1523 538 1553 ‘¹
552 1515 601 1590 de
613 1513 805 1588 civitatum
825 1512 1090 1587 constitutione
1108 1513 1309 1588 christiana
1327 1513 1371 1614 (¹)
1383 1516 1412 1592 ”.

268 1706 272 1713 .
297 1631 527 1709 Ostenderet
547 1632 629 1707 luce
647 1631 779 1707 clarius
803 1631 1004 1730 quomodo,
1025 1649 1064 1706 ut
1091 1631 1172 1728 ipse
1190 1634 1310 1718 docet,
1335 1634 1504 1711 Ecclesia

249 1768 369 1824 mater
382 1751 429 1825 sit
448 1769 485 1826 et
501 1753 624 1829 nutrix
637 1771 673 1827 et
685 1749 941 1825 conservatrix
955 1748 1073 1823 civilis
1091 1749 1332 1826 humanitatis
1350 1781 1357 1839 ;
1375 1779 1504 1851 quem·

249 1869 451 1944 admodum
483 1897 551 1968 per
590 1871 725 1946 saecula
751 1868 905 1955 exstitit,
925 1887 1157 1967 quantopere
1188 1870 1321 1944 falsum
1349 1873 1397 1947 sit
1420 1900 1502 1948 eam

249 1987 462 2084 reipublicae
482 1987 645 2065 felicitati
664 2016 748 2064 esse
767 1989 963 2063 inimicam.

302 2105 532 2184 Ostenderet
557 2108 748 2206 quomodo
765 2134 789 2182 a
808 2107 894 2181 Deo
912 2105 1115 2202 exemplari
1144 2132 1311 2182 normam
1335 2111 1503 2208 accipere

247 2223 385 2301 debeat
408 2227 614 2304 dominatio
642 2225 771 2314 civilis,
792 2244 832 2301 ut
851 2225 946 2299 inter
965 2223 1225 2299 Sacerdotium
1251 2245 1287 2301 et
1307 2227 1502 2326 imperium

248 2368 380 2439 pacem
399 2363 437 2420 et
455 2346 692 2421 concordiam
714 2345 855 2446 jugiter
873 2361 1007 2428 servet,
1023 2343 1206 2441 civesque
1238 2346 1408 2421 subditos
1438 2374 1505 2446 per

175 2466 180 2473 '
247 2461 501 2539 obedientiam
533 2466 686 2563 dignam
715 2467 757 2539 et
794 2480 961 2536 sanctam
997 2480 1149 2559 propter
1188 2462 1323 2551 Deum,
1357 2465 1504 2564 legibus

243 2580 355 2677 justis
374 2600 486 2681 atque
500 2585 663 2681 paternis
682 2601 797 2681 regat.
1455 2671 1456 2675 Ἴ

302 2699 531 2779 Ostenderet
559 2703 750 2802 quomodo
779 2700 939 2775 societas
967 2697 1085 2772 civilis
1115 2699 1196 2774 sive
1227 2718 1356 2788 status,
1387 2703 1501 2778 etiam

248 2817 394 2913 publice
412 2846 485 2918 qua
505 2847 663 2918 persona
682 2819 840 2904 moralis,
865 2818 989 2892 Deum
1008 2816 1130 2897 colere
1148 2835 1327 2907 teneatur,
1343 2846 1391 2894 ac
1410 2847 1503 2919 prae·

249 2952 350 3012 terea
364 2938 465 3014 cives
484 2940 716 3039 adjuvarent
734 2958 833 3013 recte
855 2938 980 3010 Deum
1006 2961 1135 3010 verum
1154 2935 1275 3011 colere
1289 2938 1446 3024 valeant,
1465 2959 1502 3016 et

250 3052 362 3130 finem
382 3054 551 3132 ultimum
566 3075 822 3157 assequantur.

299 3174 529 3251 Ostenderet
565 3177 761 3276 magnifice
792 3173 982 3273 quomodo
1007 3172 1102 3246 inter
1131 3190 1354 3268 potestatem
1387 3174 1502 3252 eccle·

248 3291 432 3367 siasticam
452 3313 489 3369 et
501 3294 657 3380 civilem,
678 3295 887 3369 ordinatam
906 3290 1182 3390 colligationem
1197 3316 1354 3389 regnare
1371 3293 1503 3371 deceat

248 3411 527 3513 harmoniaque
540 3416 798 3492 excellentiam
818 3442 864 3490 ex
883 3439 956 3512 qua
975 3413 1191 3486 derivantur
1210 3414 1371 3488 maxima
1390 3415 1501 3491 bene·

248 3530 339 3619 ficia,
357 3533 393 3607 in
413 3560 685 3634 quemcumque
704 3537 873 3611 ordinem
893 3531 1092 3609 socialem:
1111 3532 1147 3607 in
1168 3532 1354 3621 familiam,
1376 3534 1413 3609 in
1427 3561 1501 3613 coe·

247 3667 325 3724 tum
345 3653 546 3749 politicum,
564 3655 600 3729 in
621 3655 792 3730 nationes
812 3655 1015 3728 universas·

297 3769 435 3846 Videre
454 3792 554 3847 esset
569 3772 747 3871 populum
768 3773 911 3847 felicem
927 3772 1071 3867 absque
1091 3768 1190 3843 falsis
1205 3769 1329 3844 saeculi
1345 3771 1440 3846 XVl
1462 3793 1500 3849 et

246 3887 388 3962 XVlll
426 3890 716 3966 Protestantium
748 3891 888 3965 scilicet
918 3908 956 3964 et
992 3885 1291 3962 naturalistarum
1324 3890 1498 3969 inventis.

248 4005 395 4104 Ecquid
414 4009 512 4083 enim
533 4010 690 4106 populos
710 4009 840 4085 beatos
876 4007 1062 4082 effecerit:
1093 4005 1288 4102 imperium
1308 4008 1497 4106 populare,

245 4123 464 4224 religionum
481 4127 738 4215 indifferentia,
754 4127 975 4225 scriptorum
995 4124 1146 4199 libertas
1166 4123 1225 4197 vel
1245 4124 1368 4220 potius
1387 4125 1498 4202 licen·

242 4242 293 4317 tia
312 4269 437 4341 prava,
454 4244 619 4321 exclusio
640 4246 820 4322 Ecclesiae
845 4271 892 4319 ex
912 4245 989 4318 vita
1008 4241 1154 4340 publica
1172 4240 1318 4329 civium,
1341 4269 1388 4318 ex
1407 4244 1497 4345 legi·

243 4359 310 4434 bus
324 4361 505 4451 civilibus,
526 4389 574 4438 ex
593 4363 779 4439 methodis
800 4363 908 4438 novis
926 4360 1120 4435 erudiendi
1134 4358 1296 4456 juvenes
1315 4378 1352 4435 et
1372 4362 1496 4439 adole·

241 4496 397 4567 scentes,
413 4480 488 4556 imo
506 4508 552 4557 ex
572 4481 751 4557 societate
775 4479 1012 4556 domestica?
1030 4477 1189 4552 Minime
1212 4503 1302 4553 vero
1318 4506 1325 4553 :
1343 4478 1495 4575 lustitia
1560 4480 1563 4486 ’

275 4686 296 4726 1.
319 4673 419 4729 1Nov.
437 4675 511 4746 1885.
