3496 5482
639 530 761 582 canuc
788 530 996 582 serr-mun.
1381 531 1447 604 153

188 723 254 772 seu
291 697 633 782 Franco-murator,
662 713 788 792 partes
811 694 890 793 egit
918 692 1014 768 illius
1034 694 1215 783 factionis,
1236 720 1320 795 quae
1339 723 1448 772 voca·

187 815 296 889 batur
322 825 343 854 ⁴‘
384 813 501 889 ltaliae
536 813 718 901 liberae'';
747 830 785 888 et
827 838 1012 887 unacum
1049 839 1101 900 ea,
1140 813 1277 890 bellum
1315 815 1449 891 indixit

188 934 361 1009 Austriae.
387 934 581 1009 Recusans
608 950 732 1007 autern
754 932 844 1007 Pius
875 932 933 1006 lX
961 927 1064 1007 arma
1090 960 1158 1008 sua
1180 935 1341 1034 jungere
1363 961 1447 1010 curn

186 1052 303 1149 copiis
346 1049 637 1126 Caroli-Alberti
667 1068 798 1124 contra
827 1049 975 1126 hostem
1003 1076 1250 1140 communem,
1284 1055 1321 1128 in
1350 1053 1450 1128 bello

186 1171 401 1268 ceteroquin
430 1170 578 1267 injust0,
611 1189 685 1243 non
706 1168 826 1265 potuit
853 1170 944 1267 quin
964 1195 1010 1243 eo
1035 1195 1274 1268 summopere
1292 1197 1447 1269 exaspe-

187 1274 285 1363 raret
318 1289 519 1363 Massones
550 1312 708 1385 quorum
742 1286 918 1384 primipili
961 1306 1155 1384 coeperunt
1191 1289 1452 1387 Principatum·

191 1407 444 1484 Pontificalem
470 1398 635 1506 apertius
661 1407 808 1481 adoriri.
832 1407 980 1481 Diebus
1005 1430 1045 1501 15
1068 1425 1104 1480 et
1137 1413 1180 1481 16
1214 1408 1446 1484 Novembris

187 1527 299 1602 occisi
331 1546 418 1603 sunt
455 1528 568 1601 Rossi
602 1545 641 1604 et
674 1526 811 1614 Palma,
848 1527 907 1600 hic
936 1528 1171 1613 camerarius,
1211 1528 1270 1603 ille
1306 1530 1447 1626 primus

187 1645 355 1720 minister
377 1645 577 1732 Pontificis,
600 1645 720 1743 quiet
749 1644 829 1742 ipse
857 1645 1109 1718 circumdatus
1131 1645 1239 1720 suita
1260 1647 1446 1722 Massoni·

187 1763 266 1851 bus,
300 1765 337 1838 in
370 1763 554 1860 Quirinali
582 1790 650 1838 suo
678 1762 817 1861 palatio
840 1764 1045 1838 “inaudita
1073 1790 1224 1862 prorsus
1254 1765 1443 1853 violentia,

187 1881 340 1957 infando
369 1874 461 1956 ausu
491 1881 592 1956 illata
612 1878 665 1981 (¹).
689 1882 709 1909 ”

241 2002 295 2076 Ut
314 2003 393 2099 ipse
422 2000 584 2100 loquitur
613 2001 700 2075 Pius
723 2001 807 2075 lX:
830 2011 849 2040 ‘⁴
873 2002 951 2077 Ubi
983 2001 1090 2077 ltalia
1117 2030 1138 2077 a
1165 2003 1341 2102 legitimis
1369 2005 1446 2080 suis

190 2120 423 2218 Principibus
442 2120 634 2194 liberiores
667 2119 921 2194 institutiones
940 2120 1114 2206 obtinuit,
1132 2121 1226 2206 Nos,
1248 2139 1445 2218 paternum

185 2239 349 2313 animum
364 2259 550 2339 gerentes,
569 2237 726 2312 filiorum
739 2256 883 2334 partem
899 2238 1105 2314 Pontificiae
1127 2240 1279 2315 Nostrae
1293 2239 1446 2315 ditionis

186 2358 222 2431 in
254 2358 401 2433 civilem
437 2358 798 2433 administrationem
834 2361 1105 2456 cooptavimus‚
1143 2377 1181 2435 et
1216 2378 1446 2458 opportunas

185 2478 356 2552 dedimus
391 2478 663 2560 concessiones,
701 2476 860 2574 propriis
902 2497 1026 2552 tamen
1072 2480 1280 2576 prudentiae
1325 2481 1445 2554 modis

184 2596 383 2682 ordinatas,
403 2614 440 2669 at
459 2595 657 2693 veroquid
677 2595 763 2669 inde
784 2595 920 2670 sactum
941 2597 1023 2672 est?
1045 2596 1198 2673 Effrena
1218 2597 1363 2673 licentia
1392 2597 1445 2672 in·

186 2739 304 2788 nocua
324 2714 466 2788 Nostra
490 2713 660 2812 largitate
683 2713 801 2810 potita
828 2730 903 2801 est;
931 2713 1035 2800 aulae,
1062 2740 1142 2812 quo
1166 2715 1303 2813 publici
1331 2715 1445 2791 Mini-

184 2833 229 2907 tri
261 2859 304 2906 ac
336 2832 517 2929 Deputati
545 2849 808 2918 convenerant,
838 2829 967 2905 limina
993 2833 1177 2932 sanguine
1207 2858 1386 2930 respersa,
1406 2850 1446 2906 et

183 2950 296 3047 impia
315 2976 447 3025 manus
466 2951 502 3023 in
522 2975 607 3025 eum
626 2949 807 3048 sacrilege
821 2976 1017 3037 conversa,
1031 2952 1095 3049 qui
1115 2952 1338 3027 beneficium
1357 2975 1444 3025 con·

184 3090 347 3146 cesserat
366 3068 420 3172 (²).
442 3070 458 3098 '’
533 3105 534 3108 ¹

239 3190 341 3265 Inter
375 3207 520 3263 ceteros
556 3187 713 3263 rebelles
749 3188 939 3263 eminebat
979 3188 1157 3287 Princeps
1196 3188 1245 3263 de
1285 3188 1442 3275 Canin0,

185 3306 619 3403 Carolus-Boonaparte,

234 3426 419 3522 Quocirca
440 3427 528 3500 Pius
550 3425 617 3512 IX,
633 3425 746 3499 tantis
758 3451 962 3523 oppressus
975 3425 1168 3525 angustiis,
1190 3449 1285 3509 curn,
1305 3424 1441 3497 nedum

185 3549 374 3645 Principis,
401 3548 468 3621 sed
494 3571 541 3620 ne
564 3544 752 3620 Pontificis
771 3547 922 3644 quidem
943 3565 1068 3644 partes
1088 3544 1203 3620 libere
1234 3542 1339 3618 obire
1358 3568 1443 3640 pos-

182 3684 258 3752 set,¹
284 3692 357 3740 non
390 3664 532 3762 absque
552 3664 714 3736 maxima
732 3664 845 3737 animi
866 3664 922 3736 sui
942 3663 1189 3737 amaritudine
1216 3686 1238 3734 a
1257 3660 1359 3735 Sede
1376 3686 1444 3734 sua

181 3786 373 3859 discedere
400 3801 549 3856 coactus
578 3782 643 3855 fuit
663 3779 718 3881 (³).
738 3825 789 3837 —
815 3780 999 3878 “Ecquis
1026 3781 1126 3854 enim
1146 3781 1303 3877 ignorat,
1337 3787 1444 3876 rogat

184 3903 273 4000 ipse,
307 3901 428 3975 Nobis
456 3899 830 3973 communicationem
860 3923 942 3971 cum
976 3897 1082 3971 Urbe
1111 3898 1242 3984 Roma,
1273 3893 1444 3991 illiusque

186 4021 308 4093 Nobis
326 4018 516 4094 carissimo
532 4017 652 4102 Clero,
674 4036 711 4091 et
731 4016 914 4090 universae
937 4014 1142 4089 Pontificiae
1160 4013 1312 4087 ditionis
1333 4012 1443 4109 Epis-

176 4159 326 4237 copatu,
347 4138 555 4235 ceterisque
574 4136 746 4211 fidelibus
772 4137 822 4208 ita
842 4162 926 4210 esse
945 4135 1199 4234 praepeditam,
1221 4149 1262 4206 ut
1280 4156 1328 4206 ne
1346 4131 1443 4229 epis·

181 4257 274 4332 tolas
292 4257 443 4355 quidem
463 4257 511 4329 de
538 4254 797 4330 ecclesiasticis
825 4252 909 4327 licet
931 4279 973 4326 ac
1001 4250 1254 4350 spiritualibus
1268 4248 1444 4348 'negotiis

179 4393 357 4474 urgentes
371 4373 428 4447 vel
444 4372 665 4457 mittere,vel
681 4372 850 4468 accipere
864 4370 978 4443 libere
995 4369 1203 4466 possimus?
1215 4368 1311 4464 Quis
1325 4369 1443 4443 nescit

186 4494 240 4578 -Ῑ,
261 4525 351 4577 Alloc.
368 4523 409 4577 Pii
425 4523 476 4589 IX,
491 4538 525 4575 20
537 4521 644 4591 Aprilis
662 4525 736 4589 1849.
748 4551 781 4560 -
793 4523 857 4575 Van
872 4519 1034 4587 Duerme,l.
1048 4535 1069 4574 c.
1085 4526 1112 4573 2⁰
1130 4520 1216 4587 Edit,
1229 4536 1258 4588 p.
1277 4531 1337 4586 195.

217 4618 239 4657 2.
259 4604 349 4657 Alloc.
367 4605 397 4655 18
413 4603 507 4656 Martii
526 4603 598 4655 1861.

214 4697 238 4751 3.
252 4683 342 4736 Alloc.
358 4682 488 4750 Qssanu's,
503 4696 537 4735 20
551 4681 655 4751 Aprilis
674 4680 748 4750 1849.
