3496 5482
594 455 748 463 ---.-.—-
757 455 840 462 -—-
846 456 870 462 --.
882 456 942 462 ...-
955 455 972 461 —
982 456 994 461 -
1080 455 1512 466 ---—---—-—--—-—

252 518 319 591 152
657 518 750 567 ΡΑΡΑ
777 517 837 568 SlT
864 517 939 567 REX
969 517 1097 569 ROMAE.

888 624 1229 631 --—.—-——-——

243 680 307 777 qui
326 679 471 754 locutus
490 698 572 755 est:
594 690 614 718 ‘⁶
633 678 771 753 Venite
789 679 837 752 ad
857 705 917 753 me
935 704 1068 754 omnes
1086 679 1150 777 qui
1170 678 1346 755 laboratis
1364 697 1403 755 et
1421 706 1511 756 one·

246 798 314 872 rati
333 797 434 883 estis,
455 816 494 872 et
512 823 585 896 ego
605 796 767 872 reficiam
789 823 869 873 vos.
888 796 906 824 '’

300 914 544 991 Manifestum
572 933 630 990 est
661 933 749 989 tunc
774 914 952 1011 temporis
971 915 1007 988 in
1035 931 1116 989 tota
1148 912 1344 987 Pontificia
1365 913 1510 989 ditione

246 1034 461 1110 innumeros
479 1034 669 1109 exstitisse
687 1033 834 1107 animos
857 1032 957 1107 salsis
977 1032 1187 1107 rumoribus
1205 1050 1391 1107 sectarum
1422 1057 1509 1108 exa·

245 1152 385 1252 gitatos
419 1171 457 1229 et
493 1152 627 1226 mirum
664 1152 700 1225 in
737 1151 889 1226 modum
925 1169 1140 1249 quassatos;
1176 1149 1225 1225 nil
1262 1151 1444 1226 absonum
1476 1150 1509 1225 si

246 1271 486 1369 magnanimo
503 1289 541 1345 et
560 1289 717 1368 paterno
739 1269 909 1344 Pontifici
934 1269 1037 1344 cordi
1071 1268 1139 1344 fuit
1157 1294 1224 1344 eos
1242 1269 1344 1366 prius
1362 1269 1399 1343 in
1418 1294 1510 1344 vera

244 1387 439 1487 solidaque
482 1387 749 1487 tranquillitate
794 1388 1015 1475 restituere;
1054 1388 1214 1486 ideoque
1257 1386 1506 1463 universalem

245 1506 396 1582 veniam
413 1506 619 1582 concedere
638 1505 796 1603 captivis
815 1505 976 1603 politicis
995 1523 1032 1580 et
1050 1505 1223 1580 exulibus
1242 1505 1394 1580 cunctis.

296 1624 443 1701 Omnes
478 1641 624 1713 norunt,
663 1625 800 1722 quibus
822 1623 973 1698 laudum
1000 1624 1197 1722 praeconiis
1226 1623 1336 1698 fuerit
1369 1624 1508 1722 ubique

246 1739 505 1818 concelebrata
528 1743 770 1821 memoranda
799 1742 860 1816 illa
888 1760 926 1818 et
948 1741 1179 1840 amplissima
1197 1741 1317 1829 venia,
1337 1742 1385 1816 ad
1403 1742 1508 1817 fanti·

244 1860 374 1935 liarum
404 1887 545 1959 pacem,
576 1859 882 1959 tranquillitatem
914 1859 1204 1958 felicitatemque
1233 1860 1505 1958 procurandam

245 2004 437 2055 concessa.

296 2095 375 2170 Sed
394 2115 493 2173 recte
511 2097 606 2171 dixit
624 2113 757 2194 poeta:
775 2095 886 2191 “Qui
904 2095 974 2170 fert
989 2095 1095 2170 malis
1110 2095 1296 2182 auxilium,
1313 2113 1399 2194 post
1412 2113 1505 2170 tem-

244 2239 314 2312 pus
332 2214 434 2290 dolet
453 2212 511 2313 (¹).
529 2215 547 2243 ’'
574 2214 626 2288 Et
653 2214 715 2312 qui
746 2212 930 2313 rigentem
960 2211 1151 2287 colubram
1182 2212 1330 2288 sustulit
1347 2212 1506 2311 sinuque

244 2332 337 2411 fovit
355 2351 485 2407 contra
502 2357 544 2408 se
562 2333 643 2430 ipse
662 2331 881 2406 misericors.
904 2330 967 2405 Sic
987 2331 1174 2431 benignus
1195 2329 1369 2405 Pontifex
1387 2331 1505 2405 sensit

243 2476 284 2525 se
304 2451 508 2526 nutricasse
525 2452 694 2548 viperam
717 2451 951 2525 Massonum.

297 2580 319 2610 “
336 2570 395 2644 Ac
415 2571 603 2645 neminem
622 2570 723 2656 latet,
746 2569 870 2667 plures
894 2596 939 2645 ea
956 2570 1067 2644 venia
1085 2570 1254 2656 donatos,
1277 2594 1351 2643 non
1383 2566 1502 2643 solum

242 2714 348 2763 suam
386 2706 551 2763 mentem
590 2712 664 2763 non
702 2689 921 2763 immutasse
957 2688 1291 2789 (quemadmodum
1327 2688 1504 2785 sperabat

245 2807 333 2880 Pius
348 2806 433 2905 lx),
448 2833 577 2882 verum
594 2808 707 2885 etiam
723 2807 811 2880 nihil
828 2809 1050 2882 intentatum
1072 2809 1275 2908 reliquisse,
1296 2826 1337 2882 ut
1355 2806 1502 2881 civilem

243 2925 404 2998 Romani
423 2924 612 2999 Pontificis
631 2925 883 3022 Principatum
900 2925 1177 3013 labefactarent,
1190 2953 1233 3000 ac
1248 2924 1356 2999 simul
1368 2925 1503 3000 acerri-

241 3067 342 3115 mum
360 3043 605 3117 sanctissimae
625 3061 761 3117 nostrae
781 3042 951 3142 religioni
971 3042 1108 3117 bellum
1129 3043 1308 3119 inferrent
1326 3042 1382 3143 (²).
1404 3043 1420 3071 '¹

294 3160 489 3245 Praeterea,
507 3185 554 3233 ne
572 3185 701 3234 ansam
722 3159 945 3235 factionibus
965 3162 1149 3258 praeberet
1163 3178 1201 3236 et
1215 3180 1256 3237 ut
1271 3162 1370 3236 bono
1388 3161 1500 3259 pacis,

241 3278 271 3351 si
301 3303 383 3352 eam
411 3277 555 3351 sincere
581 3295 776 3374 optassent
804 3279 1019 3376 agitatores,
1050 3279 1290 3376 prospiceret,
1320 3279 1504 3353 concessit

242 3394 346 3493 plura
366 3420 523 3493 magnus
551 3412 589 3469 et
618 3396 878 3493 magnanimus
906 3395 993 3469 Pius
1017 3397 1084 3483 ΙΧ,
1105 3422 1218 3494 quem
1246 3414 1371 3471 cetero
1398 3396 1503 3470 brevi

241 3530 327 3610 post
358 3513 491 3587 imitari
528 3513 645 3586 coacti
682 3512 832 3587 fuerunt
868 3513 1000 3611 reliqui
1040 3513 1157 3588 Italiae
1196 3514 1398 3610 Principes.
1430 3514 1504 3587 Ast

241 3631 352 3704 sectis
370 3629 441 3705 hoc
470 3648 614 3705 tantum
646 3631 682 3702 in
711 3631 837 3705 animo
865 3649 944 3706 erat
971 3650 1011 3706 ut
1029 3632 1217 3707 continuis
1235 3631 1503 3730 agitationibus

241 3773 360 3845 usque
378 3749 613 3823 eversionem
633 3749 737 3846 regni
768 3749 946 3845 pontificii
976 3750 1225 3847 pervenirent.
1260 3749 1361 3822 Huic
1383 3748 1502 3822 consi·

240 3863 291 3938 lio
316 3865 405 3939 favit
431 3865 583 3939 rebellio
611 3865 671 3939 illa
698 3892 782 3963 quae
806 3893 905 3940 anno
939 3870 1032 3959 1848
1053 3867 1264 3940 universam
1284 3867 1362 3940 fere
1383 3867 1502 3941 Euro·

241 4009 327 4080 pam
350 3983 506 4081 jamjam
532 3983 763 4082 conflagrare
775 3984 861 4058 lecit
888 3985 1018 4057 duma
1045 3985 1287 4058 Massonibus
1311 3984 1401 4081 ipsis
1419 4002 1501 4057 acta

240 4099 308 4174 fuit
338 4101 542 4198 praesertim
573 4102 609 4174 in
640 4100 773 4188 Gallia,
803 4103 838 4174 in
859 4103 1023 4188 Austria‚
1054 4102 1090 4175 in
1122 4100 1249 4176 Sicilia
1276 4119 1313 4176 et
1333 4102 1368 4174 in
1392 4100 1500 4173 Hun-

239 4217 355 4316 garia.

289 4333 654 4423 Carolus-Albertus,
675 4335 858 4412 Sardiniae
886 4363 962 4425 rex,
989 4340 1225 4437 ajuventute
1244 4335 1499 4414 Carbonarius

241 4506 419 4515 .-—-———
433 4506 822 4513 ..-.......—-—-———-—---—-
834 4508 1024 4516 ——-..-—
1037 4513 1061 4517 -
1227 4514 1237 4517 ..
1303 4511 1346 4517 .,-
1356 4511 1361 4517 ,
1464 4511 1494 4517 ,-

278 4597 299 4636 1.
319 4583 509 4653 Phoedrlsab.‚
524 4586 568 4638 liv.
588 4588 607 4652 l,
621 4585 638 4638 f.
655 4601 677 4637 2.

275 4675 302 4715 2.
320 4662 411 4716 Alloc.
426 4663 469 4716 Pii
484 4664 535 4731 ΙΧ,
549 4679 584 4717 20
596 4665 703 4734 Aprilis
720 4666 794 4731 1849.
