3496 5482
318 495 389 585 358
726 511 817 559 rann
845 509 904 557 sm
932 510 1006 559 nux
1037 509 1164 559 noum.

316 677 522 776 Sequentia
542 677 833 764 adnumeranda,
851 694 938 750 sunt
958 677 1144 773 praecipua
1159 675 1395 763 lineamenta,
1412 679 1581 754 nondum

315 795 486 872 absolute
507 796 694 893 requisita,
709 794 777 868 sed
796 794 1056 890 ponderationi
1077 795 1183 868 seriae
1202 820 1245 868 ac
1264 794 1474 869 rationabili
1494 821 1581 894 pro·

317 913 447 1012 posita.
469 913 667 987 Habeatur
680 938 772 1011 ergo
790 911 984 986 concessio
1004 910 1235 986 territorialis
1255 938 1328 1009 qua
1347 912 1582 989 includatur:

368 1030 424 1133 (1)
446 1032 677 1129 Principatus
692 1056 812 1115 verus,
835 1029 953 1115 realis,
975 1029 1168 1105 effectivus
1188 1056 1230 1105 ac
1251 1031 1519 1128 independens.

368 1148 424 1250 (2)
446 1149 639 1225 Possessio
658 1149 863 1246 praesertim
888 1173 1008 1246 eaque
1038 1149 1210 1223 absoluta
1232 1148 1348 1224 Urbis
1370 1151 1503 1224 Romae
1522 1149 1577 1251 (¹).

366 1267 420 1364 (3)
442 1267 652 1364 Occupatio
671 1265 808 1340 exinde
826 1291 989 1363 sequens
1018 1267 1191 1341 territorii
1216 1266 1514 1366 circumjacentis
1541 1289 1581 1343 et

315 1410 406 1460 vere
423 1384 641 1461 sufficientis
665 1384 712 1458 ad
739 1383 917 1457 tuendam
950 1384 1161 1458 libertatem
1190 1402 1304 1482 atque
1324 1384 1579 1481 independen-

740 614 934 622 ........-——---
1030 617 1042 621 -
1204 616 1517 627 -..m-*m*
1544 624 1574 630 -

204 1590 207 1595 ‚
317 1504 407 1578 tiam
444 1504 590 1578 Summi
628 1502 829 1589 Pontificis‚
876 1501 933 1575 cui
976 1501 1153 1598 deinceps
1189 1501 1330 1576 loedera
1371 1503 1463 1577 inire
1505 1529 1579 1580 non

318 1644 513 1724 repugnat.

365 1740 421 1842 (4)
444 1741 583 1817 Modus
601 1767 752 1840 quoque
771 1740 923 1815 vivendi
942 1741 1005 1838 qui
1025 1740 1197 1816 conciliet
1215 1741 1470 1816 autonomiam
1495 1741 1576 1835 Do·

316 1859 418 1935 minii
438 1860 475 1937 S.
499 1859 609 1934 Sedis
627 1884 711 1932 cum
731 1859 873 1932 unitate
893 1857 1070 1933 nationali
1094 1857 1211 1933 tratiae
1231 1858 1244 1957 (
1262 1858 1285 1958 ).

366 1975 423 2077 (5)
446 1976 611 2074 Expedit
626 1995 816 2073 praeterea,
829 2001 1056 2074 quamquam
1072 1977 1260 2051 Sanctitas
1276 1977 1352 2050 Sua
1368 1977 1403 2051 id
1420 2002 1493 2051 non
1510 2001 1574 2050 ex·

318 2120 447 2192 presse
479 2094 641 2169 indicare
671 2094 829 2180 videtur,
851 2111 891 2168 ut
922 2094 1147 2169 territorium
1179 2092 1395 2168 Pontificale
1419 2094 1575 2168 liberum
1675 2182 1680 2187 Ι

318 2213 455 2289 habeat
474 2232 632 2312 portum,
653 2214 673 2287 i.
695 2240 726 2289 e
748 2213 869 2288 locum
884 2214 983 2287 unde
1002 2215 1201 2311 despectus
1231 2214 1266 2286 in
1296 2239 1396 2288 mare
1414 2214 1523 2288 detur
1540 2232 1578 2288 et

317 2333 368 2407 ita
400 2332 540 2407 facilius
571 2353 684 2431 atque
703 2333 854 2408 liberius
872 2361 955 2408 cum
975 2334 1107 2410 ceteris
1126 2334 1292 2431 partibus
1320 2335 1436 2409 Orbis
1464 2353 1578 2410 terra·

319 2476 398 2524 rum
418 2451 705 2526 communicatio
724 2452 905 2527 habeatur
923 2449 978 2552 (³).

371 2567 557 2643 Praeterea
576 2588 690 2644 restat
709 2588 747 2644 et
766 2570 864 2645 aliud
878 2570 1042 2645 medium
1060 2570 1241 2665 optimum
1264 2594 1321 2642 res
1340 2568 1573 2656 conciliandi,

317 2684 418 2782 quod
435 2686 627 2761 inventum
647 2687 800 2786 quidem
822 2688 956 2762 nostris
969 2688 1210 2785 temporibus,
1232 2712 1316 2760 curn
1332 2685 1450 2760 fructu
1466 2685 1577 2758 uber·

319 2802 413 2877 rimo
441 2804 629 2896 civilitatis
648 2824 686 2879 et
705 2805 807 2904 pacis
835 2807 870 2879 in
890 2831 997 2879 usum
1017 2805 1218 2879 deductum
1251 2803 1319 2877 suit
1348 2804 1383 2876 in
1410 2803 1576 2878 savorem

318 2920 579 2997 nonnullorum
607 2923 822 3020 pusillorum
846 2924 1123 3021 Principatuum
1150 2922 1324 3006 civilium.
1346 2922 1393 2996 de
1418 2946 1576 3020 quorum

319 3040 557 3136 possessione
582 3059 645 3114 aut
668 3040 973 3114 subordinatione
988 3041 1138 3139 politica
1157 3041 1343 3137 Europeae
1368 3058 1576 3136 potestates

318 3156 499 3252 ancipites
531 3177 756 3242 manserunt,
780 3159 830 3230 uti
851 3144 980 3233 videre
998 3178 1054 3232 est
1085 3158 1208 3256 quoad
1232 3158 1414 3256 Belgium,
1436 3156 1578 3231 Helve-

319 3274 409 3348 tiam
421 3294 459 3348 et
481 3276 669 3349 Ducatum
694 3276 1079 3374 Luxemburgensem.
1101 3302 1194 3373 quas
1217 3276 1379 3349 ditiones
1411 3274 1579 3349 neutrius

321 3392 492 3492 gubernii
512 3393 622 3467 rebus
641 3394 800 3490 politicis
815 3420 856 3468 se
872 3395 1080 3469 immiscere
1100 3394 1202 3480 licet;
1218 3394 1379 3491 ideoque
1398 3392 1582 3469 beneficio

318 3508 573 3584 neutralitatis
589 3513 755 3610 gaudere
774 3513 956 3589 dicuntur.

369 3628 608 3703 Concedatur
635 3657 726 3728 ergo
762 3631 930 3704 Pontifici
957 3632 1170 3729 hujusmodi
1204 3649 1424 3729 competens
1448 3631 1580 3705 Domi·

319 3746 419 3821 nium
440 3748 548 3824 civile
574 3750 643 3823 sub
664 3750 898 3824 neutralitate
930 3752 1093 3848 positum
1120 3771 1198 3825 eta
1233 3750 1481 3847 potestatibus
1503 3751 1579 3824 Eu·

358 3955 379 3995 t.
403 3941 529 3996 Perbelle
547 3941 630 3996 Card.
645 3943 785 4012 Vaughan
798 3962 804 3998 :
819 3945 836 3973 “
850 3945 968 3999 Vouloir
980 3954 1073 3999 tenter
1095 3944 1131 3999 de
1155 3943 1302 4013 u’importe
1322 3942 1416 4012 quelle
1439 3941 1522 4010 lacon
1542 3941 1579 3996 de

318 4021 446 4093 garantir
464 4021 490 4074 la
503 4020 602 4076 liberte
615 4032 643 4075 et
657 4021 890 4092 l’independance
904 4024 1085 4079 souveraines
1099 4024 1136 4078 du
1152 4025 1237 4092 pape,
1250 4022 1346 4076 vivant
1369 4022 1386 4074 a
1408 4023 1499 4075 Rome
1512 4037 1580 4075 sous

319 4117 365 4157 ses
379 4100 494 4155 maltres
514 4102 631 4166 actuels,
652 4118 685 4155 ce
706 4103 791 4157 serait
813 4105 921 4157 vouloir
941 4105 1066 4172 garantir
1086 4120 1141 4157 une
1160 4103 1279 4172 parlaite
1302 4101 1410 4164 liberte,
1424 4100 1532 4169 dignit&
1551 4110 1580 4155 et

318 4179 564 4250 independancea
579 4179 681 4234 Daniel
695 4182 767 4236 dans
781 4184 807 4236 la
821 4182 896 4238 losse
909 4201 964 4238 aux
977 4182 1058 4238 lions.
1071 4184 1085 4211 ’'
1100 4182 1206 4244 (Lcltre
1218 4180 1236 4234 cl
1249 4181 1339 4234 l'abbt
1349 4181 1505 4248 Moreau,3
1518 4180 1579 4233 Mai

323 4259 410 4328 1889.)

355 4354 378 4394 2.
400 4339 501 4395 Prelot.
516 4325 632 4408 illudes,
646 4351 664 4394 t.
679 4341 722 4407 64,
736 4358 763 4409 p.
778 4342 837 4406 246.

355 4434 379 4488 3.
400 4421 481 4475 Cette
494 4420 606 4490 portion
619 4420 786 4474 territoriale
800 4422 978 4476 consisterait
991 4439 1027 4476 en
1040 4421 1057 4449 ‘¹
1070 4437 1124 4475 une
1139 4437 1206 4474 zone
1220 4420 1290 4475 libre
1304 4419 1392 4472 allant
1406 4418 1443 4471 du
1458 4417 1579 4472 Vatican

321 4497 428 4569 iusqu’a
441 4500 468 4554 la
480 4516 541 4553 mer
554 4516 604 4568 par
618 4498 699 4553 Ostie
712 4511 739 4554 et
754 4518 805 4570 par
818 4502 1065 4567 Civita-Vecchia;
1079 4517 1115 4554 ou
1129 4500 1193 4554 bien
1212 4518 1243 4553 se
1257 4499 1395 4566 dirigeant
1410 4514 1444 4550 en
1459 4513 1525 4551 sens
1539 4497 1579 4550 in·

322 4595 401 4631 verse
412 4578 524 4649 jusqu'a
543 4578 735 4649 l’Adriatique‚
756 4581 780 4633 le
802 4582 877 4650 Pnpe
899 4592 1004 4636 restant
1025 4580 1097 4635 ainsi
1120 4597 1155 4633 en
1176 4576 1416 4633 communication
1430 4575 1538 4630 directe
1551 4587 1579 4632 et

321 4674 388 4712 sans
401 4658 610 4714 intermediaire
623 4675 691 4713 avec
705 4659 731 4713 le
744 4661 848 4714 monde
861 4662 958 4716 entier.
973 4662 987 4689 ”
1000 4691 1034 4700 -
1048 4660 1151 4726 Prelot,
1164 4642 1253 4715 Etud.
1268 4657 1372 4727 Ram,
1384 4665 1407 4710 t.
1420 4657 1464 4725 65,
1477 4672 1503 4727 p.
1517 4656 1579 4726 462
