3496 5482
541 464 697 473 —————-
706 464 1081 471 ———.—.——-.—

247 511 321 597 326
656 526 749 576 aava
778 526 840 576 srr
868 527 944 576 nex
972 526 1098 577 noue.

243 684 346 758 dium
364 683 506 758 ordinis
523 684 704 759 socialisa
719 684 887 758 Numine
904 710 1081 781 supremo
1098 710 1143 759 ac
1161 687 1320 782 provido
1338 688 1508 787 assigna·

244 820 336 877 tum.
369 802 431 876 De
461 821 588 878 cetero
623 820 778 877 manent
819 802 973 878 libertas
1002 803 1208 890 hominum,
1239 804 1507 902 dispositiones

244 940 467 1020 temporum,
484 923 678 998 suasiones
692 923 877 997 bonorum
891 947 935 996 ac
947 922 1139 1008 malorum,
1153 948 1239 1020 quae
1252 925 1379 998 omnia
1392 943 1457 999 aut
1469 925 1507 998 in

244 1041 570 1117 conservationem
588 1059 652 1115 aut
672 1042 708 1115 in
726 1041 883 1115 exitium
902 1041 1092 1116 societatis
1111 1059 1316 1128 vertentur,
1336 1060 1394 1116 ast
1412 1068 1505 1116 nun·

244 1183 357 1255 quam
389 1178 516 1235 tamen
548 1159 824 1235 frustrabuntur
854 1160 1008 1234 consilia
1039 1161 1292 1235 Providentiae
1319 1188 1506 1259 supremae

243 1280 481 1355 decernentis
492 1280 642 1354 unicum
662 1279 753 1353 illud
764 1279 926 1354 solidum
940 1281 1132 1355 societatis
1145 1281 1266 1355 civilis
1278 1299 1447 1355 centrum
1462 1308 1506 1356 ac

245 1401 459 1474 munimen:
476 1400 707 1498 Rclzgionem
725 1426 809 1474 vere
823 1400 1272 1486 Catholicam‚Ecclesrirm
1283 1400 1502 1485 Romanam,

245 1514 473 1593 Cathedram
496 1519 617 1593 Petri.

295 1650 335 1712 4.
354 1636 467 1734 Juvat
494 1638 580 1712 exin
600 1637 738 1712 referre
764 1656 802 1712 et
830 1637 1018 1735 applicare
1037 1638 1153 1712 verba
1177 1639 1295 1736 ipsius
1315 1638 1505 1714 Pontificis

246 1753 385 1830 Leonis
397 1755 455 1829 XI
465 1756 478 1829 l
488 1756 503 1830 l
514 1755 705 1830 :“Clamat
717 1757 889 1841 enim,sic
901 1757 951 1831 ait
967 1757 1366 1854 Papa‚quodammodo
1379 1758 1503 1832 omnis

243 1872 407 1960 historia,
418 1874 544 1948 Deum
557 1899 642 1948 esse
652 1875 715 1971 qui
731 1899 853 1947 rerum
863 1874 1074 1949 mortalium
1089 1875 1212 1949 varios
1226 1894 1505 1973 perpetuosque

243 2012 368 2068 motus
386 1994 713 2091 providentissime
732 1995 828 2093 regit
846 2020 989 2092 eosque
1008 1996 1066 2069 vel
1086 1996 1214 2070 invitis
1229 1996 1443 2070 hominibus
1456 1997 1504 2070 ad

247 2112 441 2190 Ecclesiae
468 2139 559 2188 suae
588 2116 816 2189 incrementa
835 2114 1020 2189 transfert.
1047 2115 1141 2188 ltem
1161 2141 1183 2189 e
1201 2114 1504 2190 dimicationibus

245 2231 419 2330 illataque
438 2233 475 2305 vi
499 2231 758 2307 Pontificatum
782 2233 995 2306 Romanum
1021 2259 1171 2330 semper
1198 2234 1366 2308 evasisse
1388 2233 1503 2308 victo-

245 2375 323 2424 rem
338 2379 345 2438 ;
364 2372 644 2449 oppugnatores
662 2351 752 2437 eius,
766 2351 932 2425 deiectos
945 2351 994 2425 de
1014 2377 1091 2448 spe,
1099 2377 1204 2425 suam
1216 2352 1286 2425 sibi
1301 2351 1503 2449 perniciem

245 2469 534 2566 comparavisse.

297 2597 316 2625 ‘⁴
338 2586 474 2685 Neque
491 2587 614 2661 minus
631 2605 762 2684 aperte
781 2585 934 2661 historia
954 2606 1114 2662 testatur
1138 2587 1230 2686 quid
1249 2589 1298 2662 sit
1323 2587 1372 2663 de
1397 2588 1505 2663 Urbe

246 2705 369 2780 Roma
384 2705 455 2778 iam
469 2705 556 2778 inde
573 2704 622 2778 ab
639 2705 785 2803 origine
803 2731 870 2778 sua
884 2707 1075 2803 provisum
1088 2707 1292 2779 divinitus:
1312 2707 1452 2781 scilicet
1464 2725 1505 2780 ut

243 2823 471 2897 domicilium
499 2824 704 2920 sedemque
736 2842 918 2920 perpetuo
948 2823 1145 2921 praeberet
1168 2824 1273 2897 Beati
1304 2824 1404 2898 Petri
1422 2850 1505 2898 suc·

242 2943 463 3028 sessoribus,
479 2944 542 3040 qui
562 2941 647 3016 binc
662 2962 839 3041 tanquam
854 2964 1017 3018 ecentro
1032 2945 1244 3018 universam
1264 2943 1503 3017 christianam

243 3062 507 3161 rempublicam
529 3063 662 3137 nullius
680 3064 832 3137 obnoxii
854 3066 1030 3160 potestati
1049 3064 1312 3163 gubernarent.
1334 3065 1404 3138 Cui
1424 3065 1503 3162 qui·

242 3183 328 3256 dem
348 3183 497 3256 divinae
528 3182 791 3257 Providentiae
808 3183 964 3258 consilio
984 3210 1095 3258 nemo
1113 3203 1171 3257 est
1190 3209 1359 3282 pugnare
1378 3209 1502 3266 ausus,

243 3301 331 3398 quin
347 3301 465 3374 serius
484 3301 587 3374 ocius
607 3300 730 3372 inania
748 3321 881 3397 coepta
895 3302 1055 3375 senserit
1074 3299 1129 3400 (¹)
1145 3302 1162 3328 ”

295 3419 359 3492 Sic
384 3444 452 3491 nos
480 3420 589 3492 docet
609 3419 722 3516 igitur
743 3419 884 3492 Divina
915 3420 1156 3493 Providentia
1182 3439 1315 3493 cuncta
1339 3421 1505 3516 precaria

244 3563 328 3613 esse
348 3539 383 3611 in
403 3539 578 3635 praesenti
599 3564 717 3636 regno
740 3538 871 3612 ltalico
889 3539 1107 3612 Massonico
1126 3558 1162 3612 et
1183 3537 1223 3612 S.
1245 3536 1336 3612 Sedi
1356 3537 1505 3624 hostili;

243 3657 408 3755 undique
423 3657 492 3753 ipsi
513 3657 730 3753 impendere
755 3658 919 3754 pericula
945 3684 1101 3730 summa.
1124 3657 1211 3751 Qua
1238 3657 1355 3743 dere,
1376 3675 1415 3730 et
1434 3658 1503 3754 ipsi

248 3775 498 3850 ltalianissimi
528 3776 626 3850 haud
657 3801 739 3850 raro
767 3777 803 3850 in
831 3777 985 3851 dubium
1006 3793 1184 3851 revocant
1202 3777 1438 3850 durationem
1466 3797 1505 3850 et

243 3894 468 3969 soliditatem
498 3894 602 3992 regni
635 3894 751 3967 ltaliae
771 3897 884 3968 unitae
909 3893 963 3994 (²).
993 3897 1152 3981 lnterea,
1173 3895 1269 3968 sicut
1286 3894 1356 3967 viri
1376 3894 1503 3992 ignavi

283 4132 304 4171 1.
327 4117 392 4172 litt.
411 4118 445 4171 dc
462 4117 535 4170 stud.
555 4117 628 4184 bisc,
652 4118 682 4171 18
696 4119 767 4186 Aug.
791 4118 864 4186 1883.

279 4211 304 4252 2.
323 4195 462 4266 “Depuis
479 4197 547 4262 1870
568 4197 609 4250 les
631 4197 761 4250 hommes
784 4197 941 4265 dirigeants
958 4197 1007 4263 (de
1027 4197 1139 4264 l'ltalie)
1162 4197 1239 4250 n'ont
1258 4195 1342 4250 laisse
1359 4196 1505 4264 echappet

242 4292 353 4331 aucune
364 4276 498 4331 occasion
511 4276 547 4330 de
557 4277 716 4346 proclamer
730 4276 939 4346 l'intangibilite
952 4276 989 4332 de
1006 4277 1067 4329 leur
1080 4277 1229 4346 conquete,
1247 4275 1319 4328 mais
1334 4275 1367 4328 ils
1381 4290 1416 4327 en
1437 4284 1503 4327 sont

241 4356 265 4410 si
278 4373 332 4427 peu
343 4357 405 4410 sssrs
415 4356 598 4422 eux-memes,
608 4357 689 4426 qu’ils
702 4367 751 4410 ont
761 4356 800 4410 dn
814 4357 950 4410 cbercher
966 4356 1081 4409 ailleurs
1094 4355 1145 4409 des
1158 4356 1304 4425 garanties
1317 4355 1381 4424 plus
1394 4353 1503 4407 solides

240 4437 342 4507 qu’une
351 4436 521 4488 affirmation
532 4436 597 4488 vide
610 4446 637 4488 et
651 4435 849 4505 pretentieuse.
866 4437 910 4489 En
926 4436 1007 4489 ltalie
1021 4436 1114 4488 moins
1128 4436 1288 4504 qu’ailleurs
1302 4450 1338 4486 on
1352 4432 1503 4487 considere

240 4516 405 4582 laquestion
423 4514 561 4567 Rornaine
575 4531 686 4569 comme
700 4516 776 4569 close
790 4533 859 4585 pour
869 4515 1003 4585 toujours,
1016 4526 1044 4568 et
1065 4515 1181 4568 n'estce
1204 4531 1255 4583 pas
1282 4512 1431 4566 Bismarck
1454 4512 1503 4580 qui

240 4594 333 4648 l'avait
346 4594 396 4647 fait
410 4595 481 4647 dans
495 4594 520 4648 le
534 4604 626 4663 temps
640 4594 770 4648 soulever
782 4612 833 4665 par
846 4613 878 4650 sa
893 4594 1056 4664 presse‚afin
1066 4594 1102 4647 de
1113 4592 1265 4663 precipites
1277 4593 1342 4662 plus
1355 4591 1502 4646 surement

239 4673 341 4729 l¹ltalie
354 4673 425 4727 dans
439 4674 480 4728 les
493 4674 558 4728 bras
571 4673 607 4727 de
620 4674 647 4727 la
660 4674 736 4744 ligue
748 4674 785 4730 de
798 4675 825 4729 la
837 4676 902 4745 paix
912 4675 924 4727 ?
935 4676 949 4703 ‘'
963 4672 1216 4743 (Rostworowski).
