3496 5482
294 560 365 630 140
699 552 794 603 paea
820 551 879 602 srr
907 551 982 600 Rex
1010 551 1136 602 noum.

290 722 466 822 operibus
484 745 551 794 seu
576 716 773 803 Institutis,
800 741 821 788 a
842 713 1076 801 nosocomiis,
1097 716 1346 814 agymnasiis,
1361 715 1550 813 apublicis

290 838 463 926 consiliis,
493 834 781 919 abacademiis,
816 860 838 907 a
870 832 997 907 civicis
1025 833 1180 921 circulis,
1211 862 1233 909 a
1259 835 1391 933 quavis
1414 834 1550 909 civium

292 941 472 1036 societate
502 955 670 1055 legitime
703 952 916 1036 constituta,
937 953 1220 1040 acomitatibus,
1239 954 1390 1027 demum
1409 980 1431 1026 a
1448 953 1550 1027 sami·

290 1080 349 1156 liis
366 1106 374 1165 ;
392 1104 519 1153 arcere
538 1075 714 1154 videlicet
745 1058 1019 1173 aquarumque
1049 1100 1098 1159 re,
1132 1074 1302 1173 undique,
1334 1084 1481 1171 semper.
1503 1113 1552 1126 -
1632 1083 1635 1088 '

292 1200 435 1275 Contra
449 1222 540 1273 vero
551 1197 705 1271 debetin
722 1194 949 1294 quibuslibet
967 1193 1114 1269 socialis
1126 1195 1226 1268 vitae
1239 1194 1384 1269 actibus
1406 1193 1552 1266 Masso-

293 1319 398 1392 nicae
433 1332 559 1392 sectae
587 1314 792 1389 auctoritas
827 1313 1033 1412 persentiri,
1070 1337 1190 1411 eaque
1226 1313 1393 1388 omnium
1430 1335 1552 1386 rerum
1581 1406 1585 1415 Ι

293 1436 446 1511 domina
465 1452 503 1509 et
521 1433 661 1508 arbitra
679 1432 767 1507 fieri.

346 1552 403 1655 (6)
425 1564 445 1594 ‘⁸
463 1554 549 1628 Hac
565 1553 708 1627 ratione
727 1552 774 1626 ad
797 1551 1058 1644 Pontificatum
1073 1553 1194 1649 ipsum
1206 1550 1433 1626 abolendum
1449 1551 1555 1628 tacite
1601 1554 1604 1558 ’

296 1676 482 1773 pandetur
501 1676 572 1763 via,
595 1694 709 1773 atque
728 1675 779 1749 ita
797 1674 844 1749 ab
864 1674 1085 1773 implacabili
1100 1674 1324 1774 capitalique
1341 1676 1556 1753 adversario

296 1820 364 1870 suo
388 1794 494 1870 ltalia
517 1794 633 1871 libera
652 1795 739 1883 erit;
754 1841 806 1852 —
823 1821 865 1869 ac
887 1792 1119 1895 Romaquae
1136 1797 1317 1871 hactenus
1336 1796 1555 1871 universalis

297 1913 548 1989 Theocratiae
584 1933 757 1989 centrum
798 1913 865 1989 suit
896 1915 1052 2013 posthac
1087 1915 1179 2003 laici,
1216 1916 1306 1991 item
1338 1915 1557 1991 universalis
1656 1979 1658 1983 .

297 2032 491 2132 regiminis
505 2050 677 2108 centrum
690 2051 727 2107 et
742 2049 854 2129 caput
865 2034 945 2120 erit,
976 2035 1075 2109 unde
1089 2034 1211 2132 palam
1225 2035 1401 2109 universo
1417 2034 1556 2108 mundo

299 2176 438 2246 magna
452 2151 583 2225 charla
601 2149 782 2247 libertatis
801 2150 986 2227 humanae
1001 2151 1289 2250 proclamabitur
1303 2150 1355 2253 (¹).
1377 2153 1395 2180 ’'

349 2278 411 2340 24.
435 2269 607 2343 Eventus
626 2279 752 2344 autem
772 2270 957 2366 probavit,
978 2273 1184 2371 praesertim
1204 2272 1240 2346 in
1264 2271 1371 2346 ltalia
1394 2296 1558 2346 commu·

303 2412 369 2461 nes
383 2413 468 2463 esse
490 2387 714 2462 Massonum
730 2405 768 2462 et
786 2388 1055 2489 socialistarum
1076 2391 1179 2466 ideas
1207 2408 1320 2489 atque
1339 2407 1494 2465 conatus
1521 2389 1558 2462 in

307 2504 517 2580 Ecclesiam
536 2531 580 2578 ac
598 2507 827 2582 societatem.

354 2633 374 2662 “
395 2624 569 2709 Satanae,
591 2624 696 2698 cuius
715 2649 783 2699 eae
802 2625 1041 2700 Massonicae
1059 2643 1184 2701 sectae
1202 2626 1447 2700 instrumenta
1463 2641 1559 2713 sunt,

301 2742 432 2840 spiritu
462 2767 654 2841 pervasae,
676 2741 714 2816 in
746 2742 958 2818 Curusrum
994 2745 1115 2818 lusum
1147 2762 1184 2817 et
1216 2744 1264 2817 ab
1288 2769 1334 2818 eo
1353 2745 1559 2818 institutam

304 2861 512 2936 Ecclesiam
532 2859 680 2935 mortali
699 2879 812 2958 atque
833 2860 1055 2958 implacabili
1070 2862 1168 2947 odio,
1189 2862 1283 2936 sicut
1298 2887 1426 2936 earum
1447 2861 1559 2958 inspi-

304 2998 403 3054 rator
424 2977 620 3066 Diabolus,
654 2979 751 3055 adeo
779 2981 1039 3066 exardescunt,
1061 2999 1110 3066 ut,
1132 2981 1257 3077 quoad
1286 2997 1455 3078 possunt,
1476 3003 1558 3053 eam
1618 3049 1621 3055 ,
1666 3038 1668 3042 .

184 3181 185 3186 ,
302 3097 537 3184 labefactare,
557 3114 621 3171 aut
640 3095 773 3171 saltem
797 3098 1010 3196 compedire
1029 3116 1220 3173 conentur.

357 3225 376 3254 “
400 3215 443 3289 ld
461 3214 597 3289 bellum
616 3216 803 3312 praesenti
824 3235 1001 3312 tempore,
1020 3218 1139 3315 magis
1157 3241 1269 3313 quam
1289 3215 1375 3292 alibi
1395 3218 1431 3290 in
1455 3214 1562 3290 ltalia

302 3332 454 3433 geritur,
485 3333 546 3406 ubi
580 3332 764 3408 catholica
799 3334 949 3433 Religio
975 3334 1085 3409 altius
1115 3334 1258 3407 radices
1277 3336 1356 3433 egit
1373 3360 1379 3419 ;
1399 3334 1562 3408 maxime

304 3477 394 3526 vero
414 3451 450 3524 in
470 3452 538 3524 hac
561 3451 667 3525 Urbe
689 3453 820 3539 Roma,
855 3452 917 3527 ubi
947 3452 1151 3527 catholicae
1166 3452 1318 3526 unitatis
1337 3470 1505 3528 centrum
1524 3470 1562 3526 et

190 3567 191 3570 ’
304 3585 415 3667 caput
434 3587 500 3655 est,
518 3585 556 3642 et
585 3569 647 3643 ubi
679 3570 787 3645 sedet
806 3571 1028 3647 universalis
1054 3569 1247 3645 Ecclesiae
1269 3573 1402 3646 Pastor
1420 3589 1457 3645 et
1479 3569 1562 3642 Ma-

305 3689 432 3788 gister.
453 3689 470 3717 '’

357 3807 418 3880 En
437 3808 549 3880 variae
563 3805 674 3906 hujus
693 3807 778 3882 belli
798 3808 957 3905 phases:

357 3923 410 4026 (ι)
434 3925 559 4000 Primo
577 3923 730 4022 quidem
748 3946 913 4024 coeptum
934 3948 991 4005 est
1016 3931 1064 4004 ab
1087 3931 1303 4015 evertendo
1325 3929 1395 4003 sub
1415 3926 1563 4025 politica

305 4043 543 4141 specie,civili
559 4044 815 4119 Romanorum
833 4047 1054 4122 Pontificum
1065 4048 1339 4146 Principatu,ad
1352 4071 1563 4144 supremam

308 4163 428 4261 ipsam
448 4165 666 4239 eorumdem
686 4165 914 4262 spiritualem
934 4188 1159 4265 potestatem
1179 4169 1504 4268 pessumdandam.

359 4280 418 4382 (2)
460 4281 564 4358 Illico
597 4282 854 4381 religiosorum
900 4287 1086 4362 Ordinum
1128 4289 1343 4385 suppressio
1375 4286 1562 4371 successit,

312 4426 386 4499 qua
399 4400 606 4499 evangelici
621 4402 779 4498 operarii
799 4421 886 4478 sunt
905 4404 1015 4480 valde
1035 4431 1189 4480 numero
1205 4406 1399 4480 imminuti.

337 4644 503 4782 §xlljplcycl
528 4643 574 4699 Ad
589 4645 694 4715 Episc,
716 4647 822 4702 clerum
848 4662 875 4705 et
898 4652 992 4724 popul.
1008 4651 1081 4722 Ital,
1095 4664 1124 4722 ις
1139 4653 1203 4707 Oct.
1222 4652 1296 4720 1890.
1324 4649 1398 4703 Acta
1411 4647 1442 4701 S.
1469 4648 1563 4715 Sedis,

306 4734 325 4782 t.
444 4741 488 4799 ,p.
502 4738 562 4782 211.
