3496 5482
1327 479 1498 487 ————-

691 544 813 594 capua
841 543 1048 593 suamuuu.
1432 525 1494 590 161

241 728 324 776 cum
345 704 414 802 ipsi
442 717 688 799 asseveratum
707 717 795 781 esset
821 706 1047 804 Subalpinas
1064 707 1190 802 copias
1222 731 1339 804 prope
1357 705 1501 781 territo·

242 822 337 896 rium
357 842 524 900 nostrum
557 826 769 912 accessisse,
792 852 864 900 non
882 827 1028 923 quodem
1048 827 1249 901 invadendi
1271 826 1405 912 antino,
1433 826 1501 898 im·

243 966 413 1017 movero
455 953 497 1016 ut
523 944 608 1017 inde
628 945 939 1041 perturbatorum
969 953 1117 1018 turmas
1146 957 1323 1020 arcerent.
1358 943 1500 1017 Nescio

244 1081 366 1137 utrum
397 1065 560 1164 Europa,
587 1067 699 1141 etiam
728 1084 897 1164 tempore
925 1067 1129 1143 invasionis
1168 1066 1501 1152 barbarorumun-

242 1208 354 1280 quam
373 1186 532 1261 audierit
559 1188 815 1262 mendaciores
839 1188 1064 1263 assertiones
1082 1214 1195 1286 quam
1226 1213 1319 1286 quas
1344 1212 1501 1286 regnum

243 1301 426 1377 Sardiniae
445 1304 607 1401 protulit,
628 1307 809 1404 majorem
825 1305 960 1379 viderit
975 1293 1180 1404 perfidiam.

297 1419 443 1518 Ecquid
457 1422 569 1522 igitur
583 1423 659 1497 dux
679 1421 930 1497 Lamoriciere
941 1424 1039 1498 serio
1052 1423 1251 1521 providere
1263 1420 1323 1497 vel
1336 1421 1501 1520 cogitare

244 1542 396 1637 quidem
416 1561 543 1639 posset
570 1543 640 1617 sibi
668 1545 748 1617 sine
782 1545 1049 1640 provocatione
1072 1542 1147 1616 ulla
1177 1568 1261 1617 curn
1292 1540 1501 1638 Subalpino

244 1659 409 1732 exercitu
428 1661 552 1735 subito
567 1661 645 1736 sore
670 1661 922 1735 dimicandum
938 1659 1003 1761 (ἡ.)
1025 1662 1103 1736 Ubi
1123 1678 1250 1736 tamen
1275 1677 1410 1759 praeter
1423 1684 1501 1733 om·

246 1802 330 1851 nem
358 1781 658 1877 expectationem
687 1781 843 1881 agnovit
872 1781 1045 1856 hostilem
1076 1781 1320 1876 irruptionem
1344 1804 1418 1852 non
1452 1777 1500 1851 ab

245 1896 526 1996 indisciplinatis
553 1900 684 1975 turmis
714 1899 990 1974 Garibaldianis
1024 1900 1114 1986 lieri,
1145 1900 1212 1974 sed
1249 1899 1297 1973 ab
1337 1898 1502 1973 exercitu

250 2015 458 2114 Subalpino
477 2038 514 2092 et
541 2045 695 2094 numero
720 2021 911 2118 superiore
931 2038 968 2094 et
987 2018 1182 2116 disciplina
1200 2017 1332 2115 aequali
1357 2016 1499 2104 saltem,

246 2132 442 2210 Anconam
481 2164 522 2211 se
553 2139 692 2234 recepit
718 2138 754 2211 in
784 2163 906 2212 arcem
937 2138 1128 2223 munitam,
1164 2161 1319 2234 sperans
1356 2135 1433 2209 sore
1462 2153 1503 2207 ut

246 2254 609 2352 tandemaliquando
635 2256 788 2352 Europa
815 2256 884 2352 ipsi
916 2255 1164 2330 auxiliaretur.
1205 2254 1282 2330 Sed
1302 2279 1390 2350 spes
1417 2278 1502 2328 eum

246 2370 385 2456 fefellit,
404 2373 558 2470 Europa
582 2374 765 2471 principio
787 2399 861 2448 non
881 2374 1167 2448 interventionis
1179 2371 1361 2460 sreta;die
1382 2395 1428 2463 29
1455 2370 1503 2444 ad

248 2489 495 2564 redditionem
524 2491 591 2566 suit
617 2509 779 2566 coactus.

298 2604 354 2706 (6)
387 2610 505 2683 Recte
521 2610 632 2708 igitur
651 2609 815 2707 loquitur
836 2611 922 2684 Pius
960 2611 1017 2683 lX
1033 2635 1041 2685 :
1056 2620 1076 2648 “
1097 2609 1193 2704 Quis
1213 2609 1309 2684 serre
1337 2632 1502 2706 unquam

247 2727 393 2821 poterit,
407 2727 593 2825 insignem
614 2728 881 2824 impudentiam
897 2747 934 2801 et
949 2728 1180 2824 hypocrisim,
1196 2752 1270 2825 qua
1285 2725 1503 2824 nequissimi

247 2843 439 2920 invasores
467 2846 504 2917 in
523 2845 599 2919 suis
615 2837 956 2942 programmatibus
981 2869 1149 2919 asserere
1169 2869 1243 2918 non
1264 2843 1446 2927 dubitant,
1463 2865 1504 2914 se

247 2979 393 3035 nostras
407 2962 510 3036 adire
529 2962 799 3059 provincias,ut
815 2963 864 3037 ibi
886 2962 1035 3037 moralis
1047 2961 1188 3036 ordinis
1202 2961 1382 3060 principia
1401 2959 1504 3033 resti·

247 3095 353 3152 tuant
371 3077 466 3179 (²)!’'
1417 3173 1420 3181 .

301 3198 396 3271 Haec
426 3214 513 3271 sunt
540 3198 735 3272 Pontificis
768 3198 984 3272 testimonia
1015 3198 1050 3270 in
1084 3214 1302 3295 perpetuam
1339 3195 1506 3270 veritatis

248 3316 464 3388 memoriam
483 3314 594 3388 allata
611 3333 649 3389 et
668 3317 704 3389 in
733 3317 974 3413 opprobrium
995 3340 1160 3411 perenne
1181 3314 1287 3413 regni
1306 3312 1502 3399 Sardiniae,

247 3433 349 3531 quod
364 3459 512 3506 causam
540 3434 618 3531 egit
633 3433 950 3508 clandestinorum
969 3450 1153 3506 sectarum
1174 3431 1321 3506 nonnisi
1352 3432 1505 3506 subver-

247 3552 390 3626 sionem
410 3551 641 3625 molientium
670 3552 775 3649 pacis
794 3569 832 3626 et
851 3551 992 3625 ordinis
1022 3550 1168 3625 socialis
1186 3549 1321 3647 quibus
1346 3549 1506 3624 iteratim

247 3695 413 3766 eousque
438 3669 547 3744 sruita
576 3686 657 3743 erat
689 3671 847 3768 Europa
866 3670 1043 3744 continuo
1063 3671 1092 3744 si
1110 3671 1232 3742 minus
1250 3667 1432 3743 catholica
1449 3685 1507 3742 ast

247 3786 379 3862 saltem
407 3787 619 3863 christiana.
653 3789 804 3863 Ceteris
839 3787 956 3861 ltaliae
989 3786 1204 3885 regionibus
1231 3785 1394 3860 subactis
1422 3802 1508 3882 post

250 3904 476 3978 redditiones
492 3906 635 4005 Cajetae
667 3925 705 3982 et
732 3907 914 3980 Messinae
937 3930 1037 3978 anno
1061 3908 1149 3978 1861
1172 3905 1252 4002 jam
1273 3928 1507 3976 consumma·

249 4040 327 4095 tum
346 4020 466 4094 scelus
488 4023 566 4109 luit,
589 4025 783 4121 potuitque
822 4050 887 4098 rex
917 4024 1100 4097 Sardiniae
1133 4019 1507 4095 Victor-Emmanuel

248 4141 364 4214 creari
384 4157 421 4214 et
440 4142 658 4238 proclamari
686 4145 769 4218 Rex
798 4145 912 4218 totius
939 4143 1056 4216 ltaliae
1088 4143 1202 4216 unitae
1233 4158 1271 4215 et
1308 4164 1438 4214 revera
1467 4156 1508 4212 ut

250 4259 332 4332 talis
352 4286 373 4332 a
391 4261 582 4358 guberniis
604 4261 766 4358 Europae
786 4261 999 4335 successive
1010 4260 1178 4358 agnosci.

288 4409 309 4446 1.
319 4395 384 4462 Jam
400 4396 460 4463 jam
472 4397 593 4448 Romam
607 4395 784 4464 prolecturus
795 4406 823 4450 et
833 4397 972 4450 Bruxellis
985 4395 1110 4450 invisens
1125 4396 1154 4448 P.
1170 4393 1344 4463 Dechamps,
1358 4389 1448 4460 inquit
1458 4390 1509 4445 illi:

250 4484 265 4527 ‹
280 4473 309 4526 Si
320 4472 349 4542 je
363 4474 417 4527 n’ai
436 4475 625 4528 acombartre
638 4491 695 4544 que
718 4476 746 4528 la
760 4475 928 4542 revolution,
939 4475 968 4543 je
982 4475 1041 4529 suis
1053 4473 1161 4530 certain
1175 4473 1213 4526 du
1226 4471 1334 4526 succes.
1345 4470 1375 4524 Si
1390 4471 1417 4524 le
1438 4487 1507 4538 gou-

248 4562 414 4606 vernement
434 4553 545 4607 d’ltalie
560 4555 617 4608 s’en
638 4556 722 4621 mele,
734 4555 764 4624 je
779 4554 851 4609 serai
862 4555 953 4622 batto,
967 4571 1034 4607 sans
1048 4555 1142 4614 doute,
1156 4550 1230 4605 mais
1240 4550 1339 4619 j’aurai
1353 4548 1402 4603 fait
1417 4547 1512 4617 rougir

250 4630 393 4700 l'Europe.
408 4645 422 4687 )
437 4633 480 4701 (P.
495 4633 648 4701 Saintrain,
668 4635 716 4687 Vie
726 4635 765 4687 du
780 4634 889 4687 Cardin
910 4633 1075 4703 Declamps,
1088 4651 1114 4703 p.
1128 4636 1183 4700 92.)

288 4724 311 4763 z.
326 4712 415 4765 Alloc.
431 4714 464 4765 28
478 4715 556 4782 Sept.
574 4713 649 4767 ¹860.

306 4821 365 4872 Papa
377 4821 405 4862 sit
417 4835 454 4863 rex
469 4823 552 4864 Rornae.
