3496 5482
838 527 927 536 σοι-η

1174 531 1329 542 *ια-η.-
1339 537 1347 541 -
1356 537 1432 546 n...-

534 587 655 639 CAPUT
683 589 863 640 DECIMUM
891 589 1076 641 TERTIUM.
1362 597 1432 670 305

178 777 334 850 regnum
356 753 573 829 naturaliter
590 755 830 842 conveniunt,
853 756 905 830 ita
936 775 972 830 et
991 756 1116 853 plures
1137 757 1356 854 respublicae
1373 762 1434 838 vel

178 895 296 970 regna
309 873 395 971 jure
415 873 565 970 penitus
582 872 740 971 aequalia
759 874 909 948 tandem
930 873 1146 949 naturaliter
1164 875 1200 948 in
1221 876 1434 976 hujusmodi

177 1008 288 1086 caput
306 1016 349 1064 ac
367 1010 535 1066 centrum
565 992 766 1067 convenire
797 991 946 1079 debent,
971 993 1073 1090 quod
1106 994 1240 1069 ceteris
1269 1017 1433 1094 praestet,

177 1107 437 1207 potioremque
469 1107 642 1208 praeserat
671 1109 991 1208 principalitatem.
1031 1111 1225 1210 Quidquid
1254 1115 1353 1189 enim
1386 1143 1433 1193 ex

177 1227 375 1301 concordia
386 1228 639 1326 praestituitur,
657 1229 693 1303 id
707 1228 834 1327 nequit
853 1255 936 1304 esse
950 1228 1127 1304 naturalis
1140 1257 1183 1304 ac
1202 1231 1307 1308 firma
1320 1234 1434 1311 totius

177 1345 389 1421 christianae
407 1347 597 1422 societatis
617 1347 717 1421 basis
736 1364 774 1422 et
794 1346 1089 1423 fundamentum.

230 1464 357 1559 “Qua
386 1465 434 1540 de
461 1490 510 1552 re,
534 1465 602 1539 nisi
634 1465 961 1564 protestantismus
987 1465 1226 1541 christianam
1256 1469 1432 1548 familiam

176 1584 223 1657 ab
243 1600 347 1659 tanto
369 1585 478 1659 Patre
498 1584 668 1682 nequiter
679 1584 860 1670 scidisset,
879 1610 988 1658 nemo
1002 1610 1050 1659 ex
1061 1585 1272 1661 christianis
1287 1590 1433 1686 populis

176 1701 373 1777 terrificam
393 1702 488 1776 hanc
507 1702 602 1776 adeo
621 1702 752 1777 faciem
767 1721 885 1801 ⁴atque
903 1720 1040 1776 statum
1055 1703 1255 1800 praeferret,
1277 1724 1327 1793 ut,
1342 1708 1431 1782 dum

175 1845 308 1894 omnes
322 1821 400 1919 jam
420 1822 579 1919 propriis
599 1840 708 1895 ruunt
728 1821 878 1907 viribus,
899 1821 1194 1895 communismus
1213 1842 1251 1897 ct
1269 1824 1432 1901 socialis·

177 1965 259 2013 mus
277 1956 410 2013 cuncta
429 1938 587 2036 petrolio
619 1940 837 2015 comburere
867 1940 1094 2015 minitentur.
1121 1940 1298 2040 Namque
1317 1947 1433 2021 maxi·

176 2081 259 2130 mus
280 2056 391 2130 Pater
408 2042 507 2132 vires
526 2083 568 2132 ac
588 2058 737 2155 ingenia
765 2058 878 2132 totius
896 2057 1107 2132 christianae
1131 2059 1288 2147 samiliae,
1310 2065 1433 2159 profli-

176 2175 274 2274 gatis
287 2175 367 2273 jam
386 2176 583 2251 Saracenis
603 2176 822 2274 'furcisque
853 2177 900 2251 ad
932 2177 1183 2274 ampliandam
1215 2179 1431 2256 civilitatem

176 2319 335 2391 eamque
354 2294 602 2370 inducendam
622 2321 737 2392 penes
756 2295 848 2370 alios
868 2295 1024 2393 populos
1043 2296 1252 2377 direxisset.

230 2422 251 2451 “
282 2412 394 2488 Unde
425 2415 617 2488 Romanus
639 2413 811 2488 Pontifex
830 2414 1025 2488 dumtaxat
1061 2433 1119 2489 est
1139 2415 1315 2490 naturalis
1335 2415 1428 2503 lons,

176 2532 445 2629 amplissimum
475 2550 642 2606 centrum
670 2556 712 2605 ac
731 2532 920 2631 legitimus
939 2532 1077 2608 arbiter
1101 2531 1196 2630 juris
1216 2533 1432 2609 internatio-

178 2654 280 2728 nalls,
326 2653 469 2727 ldcirco
509 2654 629 2728 Roma
669 2672 726 2728 est
761 2653 892 2751 ‚adhuc
936 2653 1039 2728 Urbs
1082 2654 1196 2728 totius
1239 2653 1431 2729 christiani

178 2775 293 2849 Orbis
308 2772 361 2874 (¹)
382 2773 399 2803 ”

229 2908 277 2968 ll.
308 2893 553 2967 Restauretur
570 2917 661 2989 ergo
680 2916 746 2989 per
765 2890 1036 2965 restitutionem
1060 2890 1227 2965 Dominii
1246 2910 1430 2991 tempora·

176 3012 219 3087 lis
239 3013 277 3088 S.
299 3011 410 3086 Sedis
423 3010 486 3109 jus
505 3008 593 3083 illud
613 3007 897 3084 internationale
915 3034 990 3106 quo
1010 3027 1179 3085 vertente
1197 3010 1334 3085 saeculo
1354 3011 1429 3084 XV

175 3131 363 3206 christiani
383 3128 508 3227 populi
529 3127 695 3202 mirabile
714 3127 900 3202 civilitatis
914 3127 1166 3224 spectaculum
1187 3155 1262 3226 prae
1278 3154 1320 3204 se
1338 3130 1431 3206 tule-

176 3267 270 3336 runt,
291 3266 329 3323 et
348 3248 446 3321 bona
464 3246 669 3322 obvenient
688 3247 893 3321 innumera.

230 3367 340 3440 Enim
361 3390 451 3440 vero
469 3391 516 3439 ex
537 3391 613 3464 quo
631 3364 793 3439 schisma
810 3382 849 3439 et
868 3363 1019 3436 haeresis
1041 3362 1231 3460 Principes
1250 3363 1430 3462 populos·

175 3516 249 3588 que
267 3487 349 3587 plus
363 3486 532 3560 minusve
544 3485 592 3558 ab
606 3482 757 3557 maximi
776 3481 895 3556 Patris
911 3481 1151 3556 veneratione
1163 3482 1427 3580 sejunxissent,

174 3627 286 3706 atque
306 3604 458 3680 rebellio
488 3603 621 3703 gallica
638 3628 680 3676 ac
713 3600 925 3698 nuperrima
942 3598 1115 3696 spoliatio
1143 3626 1237 3696 opus
1255 3625 1429 3675 consum·

175 3743 323 3810 masset,
344 3723 396 3798 sic
415 3748 532 3820 usque
552 3720 672 3820 magis
699 3719 816 3794 visae
835 3737 1002 3817 potestas
1016 3718 1111 3815 juris
1130 3717 1426 3793 internationalls

175 3845 212 3919 in
236 3844 317 3919 dies
335 3842 496 3929 evanuit,
517 3835 614 3915 utin
633 3863 797 3937 praesens
823 3837 903 3936 jam
926 3837 1116 3933 Principes
1141 3835 1210 3932 ipsi
1231 3837 1429 3911 necessita·

175 3981 251 4039 tem
286 3959 536 4036 constituendi
573 3958 795 4033 arbitrorum
832 3979 1050 4030 consessum
1080 3952 1153 4028 alte
1185 3954 1427 4052 persentiant.

178 4080 279 4155 Nam
297 4079 481 4177 cupiditas
498 4095 537 4151 et
555 4077 612 4151 vis
630 4075 829 4151 levissimis
847 4073 894 4148 de
925 4073 1046 4148 causis
1064 4071 1202 4170 passim
1221 4097 1325 4147 arma
1342 4099 1426 4148 cum

176 4198 317 4300 ingenti
337 4196 526 4271 christiani
552 4193 677 4294 populi
697 4211 822 4291 strage
842 4191 1061 4278 ministrant,
1082 4189 1173 4288 quin
1202 4191 1250 4264 sit
1269 4190 1428 4288 amplius

175 4320 238 4417 qui
258 4315 354 4392 bella
382 4339 554 4390 coercere
583 4311 641 4388 vel
662 4311 808 4386 mitiora
839 4310 996 4385 reddere
1015 4309 1148 4384 valeat.
1184 4308 1300 4383 Haud
1327 4335 1428 4408 aegre

175 4462 266 4537 ergo
295 4460 468 4533 suprema
486 4432 546 4506 illa
563 4431 764 4505 auctoritas
793 4429 998 4503 consistere
1017 4426 1145 4525 possit,
1166 4427 1196 4500 si
1227 4452 1426 4513 summum,

175 4555 238 4653 qui
268 4555 304 4627 in
335 4552 514 4651 religione
540 4548 721 4624 catholica
746 4565 813 4634 est,
838 4544 1068 4631 Pontificem,
1088 4570 1324 4620 communem
1352 4571 1431 4619 om·
1490 4570 1493 4575 ·

214 4781 236 4820 r.
258 4764 410 4833 Pallottini,
420 4763 646 4833 Sac.etlmp.,l,
658 4777 720 4832 cap.
736 4761 775 4828 11,
788 4776 815 4814 a.
829 4773 853 4827 2,
864 4774 891 4813 n.
901 4757 944 4812 68.
955 4786 986 4795 -
1000 4757 1040 4822 11,
1052 4772 1115 4827 cap.
1132 4757 1171 4824 ll,
1181 4772 1205 4810 a.
1219 4773 1241 4822 r,
1251 4773 1277 4810 n.
1289 4770 1332 4823 μ,
1343 4770 1385 4824 ³²·
1391 4768 1433 4825 35.

229 4884 474 4936 PapusitruRornae.
