3496 5482
665 545 786 596 CAPUT
813 546 1006 597 OCTAVUM.
1398 548 1464 620 195

658 650 843 657 ..-—..—-
849 652 948 658 .——-

258 707 318 778 En
346 707 478 804 gravia
506 708 647 783 monita
680 708 872 782 Pontificis
911 709 966 782 Pii
1002 708 1127 783 ΙΧ;“
1147 709 1261 805 Quod
1286 709 1316 783 si
1336 709 1465 787 fideles

203 843 360 922 paterna
404 851 556 899 suorum
600 845 791 924 pastorum
833 827 983 912 monita,
1029 845 1066 902 et
1109 846 1463 904 commemorata...

204 941 415 1018 christianae
451 942 545 1043 legis
581 945 758 1019 mandata
793 945 1053 1042 despicientes,
1091 972 1113 1019 a
1147 947 1369 1044 supradictis
1400 948 1465 1022 ho-

203 1061 416 1136 diernarum
437 1061 755 1137 machinationum
775 1063 1053 1160 promotoribus
1072 1063 1193 1162 decipi
1220 1091 1261 1140 se
1279 1065 1467 1163 patiantur

203 1200 240 1255 et
273 1180 309 1253 in
342 1206 521 1278 perverso
557 1179 756 1255 socialismi
785 1199 823 1256 et
854 1181 1116 1257 communismi
1148 1200 1355 1281 systemata
1379 1208 1465 1258 con·

203 1299 343 1394 spirare
384 1325 467 1373 cum
498 1297 568 1373 illis
610 1299 805 1387 voluerint,
840 1301 969 1386 sciant,
1011 1301 1184 1398 serioque
1213 1302 1462 1388 considerent,

203 1415 452 1492 thesaurizare
470 1443 511 1492 se
526 1418 768 1516 sibimetipsis
780 1418 878 1517 apud
898 1419 1065 1498 divinum
1081 1418 1251 1516 Judicem
1271 1419 1465 1495 thesauros

203 1535 377 1610 vindictae
397 1536 432 1610 in
452 1537 514 1612 die
533 1537 596 1610 irae
614 1565 622 1624 ;
643 1562 709 1611 nec
739 1538 943 1634 quidquam
964 1539 1106 1621 interea
1123 1563 1170 1612 ex
1189 1538 1465 1635 conspiratione

202 1651 262 1726 illa
277 1652 492 1751 temporalis
512 1655 549 1728 in
569 1654 747 1753 populum
779 1655 959 1742 utilitatis,
993 1656 1060 1731 sed
1082 1682 1180 1731 nova
1212 1655 1336 1754 potius
1356 1656 1464 1731 mise·

202 1771 338 1845 riarum
370 1791 407 1847 et
436 1771 690 1848 calamitatum
721 1774 950 1850 incrementa
986 1774 1207 1850 obventura.
1244 1774 1334 1848 Non
1363 1772 1463 1847 enim

201 1889 329 1962 datum
350 1889 564 1966 hominibus
593 1911 660 1978 est,
684 1917 801 1966 novas
820 1891 986 1967 stabilire
1015 1892 1215 1966 societates
1233 1909 1272 1966 et
1296 1917 1463 1965 commu·

202 2007 333 2081 niones
353 2008 509 2084 naturali
539 2010 786 2084 humanarum
805 2036 928 2085 rerum
960 2010 1165 2085 conditioni
1195 2010 1463 2083 adversantes:

202 2141 313 2222 atque
334 2126 470 2203 idcirco
488 2129 805 2226 conspirationum
822 2128 1047 2227 hujusmodi,
1068 2129 1099 2202 si
1119 2153 1185 2226 per
1208 2126 1353 2202 ltaliam
1373 2126 1463 2201 dila·

202 2261 377 2332 tarentus,
393 2272 466 2320 non
487 2247 579 2320 alius
598 2273 683 2323 esse
697 2249 820 2322 exitus
840 2265 977 2344 posset,
994 2247 1063 2321 nisi
1084 2265 1123 2321 ut
1142 2246 1326 2321 hodierno
1345 2242 1464 2342 publi-

199 2386 322 2437 carum
352 2388 473 2439 rerum
494 2384 592 2440 statu
625 2391 691 2463 per
709 2385 856 2440 mutuas
875 2367 1011 2439 civium
1042 2383 1172 2439 contra
1191 2362 1293 2438 cives
1312 2387 1464 2461 aggres-

200 2480 335 2568 siones,
369 2484 639 2581 usurpationes,
674 2485 809 2569 coedes,
844 2483 1068 2558 labefactato
1101 2482 1342 2577 funditusque
1372 2505 1459 2553 con·

201 2598 318 2685 vulso,
350 2603 456 2698 pauci
487 2602 638 2675 tandem
668 2602 792 2699 aliqui,
832 2601 1031 2675 multorum
1068 2599 1196 2698 spoliis
1232 2596 1457 2695 locupletati,

200 2742 387 2790 summum
407 2720 443 2792 in
462 2721 649 2794 communi
670 2721 774 2793 ruina
789 2720 1022 2794 dominatum
1042 2695 1248 2815 arriperent
1267 2714 1322 2815 (¹).
1343 2715 1361 2742 ''

251 2835 351 2909 Vere
368 2838 586 2934 prophetica
598 2836 774 2911 videntur
786 2839 866 2912 haec
880 2837 1013 2936 gravia
1032 2835 1184 2920 monita,
1206 2833 1358 2933 quando
1372 2857 1459 2905 con-

198 2950 406 3028 sideramus
424 2981 620 3053 quousque
642 2974 802 3031 eventus
834 2954 1069 3053 spoliationis
1098 2952 1210 3027 Sedis
1229 2948 1460 3048 Apostolicae

199 3071 397 3146 societates
435 3073 599 3170 Europae
636 3073 673 3146 in
720 3072 930 3158 socialismi,
969 3069 1241 3154 communismi,
1283 3066 1459 3141 nihilismi

176 3291 178 3296 ,
199 3213 344 3264 errores
357 3191 437 3288 jam
457 3191 662 3288 protraxit!

239 3410 260 3451 1.
282 3398 346 3453 Litt.
361 3400 467 3468 Encyc.
483 3400 509 3452 N
514 3417 575 3469 eap.
589 3399 617 3453 in
628 3400 790 3454 suburbano
807 3398 921 3467 Portici,
932 3400 948 3452 8
959 3401 1028 3453 Dec.
1045 3398 1123 3466 1849
