3496 5482
355 477 724 489 ——---—-——-

357 544 422 610 192
762 543 856 593 Pam
884 542 944 594 srr
971 542 1046 592 nex
1075 542 1203 593 nona.

350 678 510 754 utilitate
531 678 656 754 Nobis
671 681 851 755 Ecclesiae
863 681 1124 776 patrimonium
1147 706 1213 776 per
1225 680 1418 754 ridiculum
1436 679 1613 775 praedica-

348 795 479 871 batur:
498 797 772 893 patrimonium,
794 798 957 895 inquam,
981 798 1030 871 ab
1060 797 1219 895 amplius
1251 796 1429 871 undecim
1465 794 1612 870 saeculis

350 913 526 1012 legitimis
544 916 735 1014 sacrisque
747 916 863 991 titulis
879 941 1107 1014 possessum,
1126 917 1163 989 in
1182 914 1477 990 emolumentum
1498 914 1628 988 totius-

352 1031 500 1106 lamiliae
517 1033 710 1108 catholicae
730 1033 784 1133 (¹).
808 1034 825 1063 ”

311 1218 314 1224 ,
403 1164 456 1226 13.
473 1152 626 1227 Crimen
645 1153 902 1239 Vandalicum,
921 1151 1207 1227 internationale
1225 1168 1264 1226 et
1284 1151 1447 1226 maxime
1465 1149 1613 1225 sacrile-

349 1294 440 1368 gum
459 1269 528 1345 luit
539 1269 756 1345 confiscatio
769 1271 952 1346 bonorum
966 1296 1081 1344 sacrae
1095 1269 1401 1368 congregationis
1412 1270 1460 1343 de
1474 1269 1613 1366 Propa-

350 1387 475 1485 ganda
493 1387 577 1462 fide
602 1387 690 1462 Hoc
719 1389 819 1463 enirn
852 1388 1068 1462 Institutum
1099 1407 1175 1462 tam
1196 1386 1411 1462 venerabile
1431 1396 1451 1425 ⁴‘
1471 1411 1545 1460 non
1565 1386 1614 1460 de

354 1493 553 1604 Religione
567 1504 774 1593 solum,sed
792 1506 906 1581 etiam
925 1506 974 1581 de
985 1506 1218 1581 humanitate
1242 1505 1411 1604 gentium
1424 1503 1614 1600 praeclare

353 1624 537 1711 meritum,
576 1625 685 1697 nulla
711 1650 876 1723 unquam
906 1627 963 1698 vis
992 1627 1228 1722 superiorum
1257 1633 1461 1720 temporum
1498 1622 1613 1698 or'ola·

350 1752 455 1815 verat
473 1742 503 1828 '',
524 1761 563 1816 ut
581 1743 759 1818 observat
782 1743 1027 1818 beatissimus
1049 1744 1162 1817 Pater
1172 1741 1227 1841 (²)
1250 1741 1364 1837 Quod
1385 1767 1453 1815 nec
1471 1758 1614 1838 pertur—

352 1858 501 1935 batores
524 1859 633 1948 Galli,
649 1886 717 1935 nec
740 1860 914 1958 Napoleo
936 1861 964 1947 l,
978 1887 1046 1935 nec
1064 1861 1217 1959 pessimi
1236 1858 1394 1934 rebelles
1412 1859 1500 1932 anni
1521 1860 1614 1949 1848

352 1976 528 2065 iecerunt,
549 1979 620 2052 hoc
638 1979 718 2053 ausi
736 1998 823 2054 sunt
836 1979 981 2077 judaiei
1003 1980 1204 2054 Massones
1216 1975 1271 2078 (³).

397 2096 481 2171 Nec
509 2116 567 2171 sat
594 2096 723 2171 datum
754 2096 947 2195 sacrilegis
974 2097 1314 2172 confiscationibus.
1338 2097 1476 2171 Mense
1507 2094 1613 2167 Maio

357 2215 453 2305 1890
466 2238 533 2311 per
551 2213 674 2313 legem
696 2215 861 2312 Operum
879 2216 1040 2289 Piorum
1062 2215 1200 2289 dictam
1215 2215 1373 2312 subripit
1391 2212 1614 2312 gubernium

264 2345 266 2350 '
356 2331 525 2406 Italicum
567 2335 852 2421 1.800,ooo.ooo
887 2333 1109 2420 francorum,
1129 2359 1214 2431 quae
1257 2334 1306 2407 ad
1340 2355 1476 2419 22,ooo
1510 2329 1616 2403 varia

351 2475 467 2548 opera
492 2452 554 2549 pia
572 2452 815 2548 pertinebant
835 2450 889 2552 (⁴).

391 2568 453 2644 De
465 2568 533 2643 hac
545 2568 629 2668 lege
642 2570 731 2644 dicit
750 2569 937 2645 Sanctitas
950 2571 1029 2645 Sua
1042 2594 1137 2656 earn,
1152 2569 1355 2644 latentibus
1370 2566 1615 2643 Massonibus

351 2686 626 2785 legislatoribus
643 2701 663 2726 “
682 2715 767 2763 esse
799 2707 989 2786 tamquam
1016 2689 1177 2787 gradum
1206 2689 1253 2761 ad
1284 2705 1410 2761 cetera
1438 2684 1535 2758 mala
1557 2684 1615 2783 ja·

352 2823 453 2878 ctum
468 2832 476 2892 ;
490 2805 631 2880 scilicet
648 2807 702 2880 ad
714 2807 838 2881 omnia
856 2807 1050 2904 relegionis
1071 2806 1225 2880 delenda
1238 2804 1450 2902 vestigium
1462 2802 1612 2877 instilu-

352 2924 402 2996 Iis
424 2925 627 2998 civitatum.
651 2925 835 3022 Congruit
854 2950 946 2998 sane
981 2950 1065 2998 cum
1086 2923 1270 3024 ejusmodi
1298 2923 1491 3021 proposito
1518 2920 1614 2993 ratio

354 3040 457 3141 legis,
483 3042 589 3139 cujus
610 3044 666 3115 vis
686 3062 746 3117 est
773 3043 954 3140 imprimis
982 3042 1131 3140 pietatis
1151 3042 1320 3116 instituta
1342 3041 1477 3139 partim
1496 3038 1616 3113 extin-

353 3183 479 3258 guere,
495 3160 629 3256 partim
646 3160 682 3233 in
701 3160 812 3233 aliam
834 3179 1002 3235 naturam
1023 3179 1245 3235 convertere
1261 3161 1288 3234 '’.

408 3277 452 3350 ln
479 3277 800 3353 administratores
836 3298 961 3353 autem
995 3279 1138 3375 piarum
1173 3277 1316 3352 illarum
1353 3276 1612 3351 fundationum

354 3395 456 3470 cives
474 3422 606 3471 omnes
634 3395 719 3471 licet
750 3396 900 3497 eligere,
918 3423 965 3471 ne
993 3398 1142 3473 leminis
1178 3398 1330 3495 quidem
1362 3395 1541 3492 exceptis,
1562 3437 1614 3448 —

358 3514 547 3590 Parochos
565 3535 690 3591 autem
711 3541 786 3590 non
800 3515 855 3615 (⁵)

393 3671 416 3709 ι.
432 3657 485 3726 Ep.
495 3657 533 3712 ad
547 3658 662 3712 Cardia.
676 3657 837 3712 AntoneIIi.
854 3659 886 3712 16
899 3659 964 3727 Iun.
981 3660 1057 3724 1872.

391 3750 415 3790 2.
428 3735 492 3791 Litt.
503 3739 556 3806 Ap.
566 3738 713 3806 Militares,
727 3751 759 3790 12
775 3737 859 3792 Mart.
883 3738 959 3791 1886.

390 3829 415 3882 3.
429 3816 510 3869 “Par
521 3816 673 3887 cetianue
686 3817 804 3885 arret,la
815 3817 1009 3886 PropagatIon
1019 3819 1056 3872 de
1068 3817 1096 3871 la
1107 3816 1145 3870 Ioi
1159 3817 1232 3870 dans
1247 3816 1273 3870 le
1283 3816 1388 3869 monde
1397 3814 1488 3868 entier
1499 3828 1530 3866 se
1543 3821 1618 3864 tron-

354 3895 412 3949 vait
426 3894 498 3949 mise
511 3912 546 3950 en
557 3896 679 3966 quelque
693 3905 769 3950 sorte
782 3896 800 3948 a
813 3896 841 3949 la
854 3897 1009 3951 dIscretIon
1018 3898 1057 3951 du
1071 3897 1223 3950 miserable
1234 3905 1458 3965 gouvernement
1472 3890 1618 3960 maeonni·

355 3990 410 4045 qne
423 3974 459 4029 de
470 3976 580 4030 l'ltalie.
594 3977 633 4030 Le
646 3975 813 4030 Sam-Pete
826 3986 874 4030 eut
888 3977 961 4030 beau
980 3986 1122 4047 protester
1141 3993 1192 4045 par
1206 3976 1330 4043 l’organe
1344 3975 1395 4028 des
1417 3988 1524 4026 nonces
1537 3978 1565 4024 et
1579 3970 1618 4022 du

355 4053 482 4108 cardinal
500 4055 590 4124 prelet
603 4054 639 4109 de
652 4055 679 4108 la
694 4056 890 4124 Propagande,
905 4056 933 4109 la
951 4057 1104 4125 spoliation
1116 4055 1201 4109 suivit
1214 4071 1268 4108 son
1286 4071 1379 4121 soors,
1390 4064 1427 4119 et,
1440 4054 1457 4105 a
1471 4053 1498 4104 Ia
1524 4049 1561 4102 fin
1581 4048 1618 4101 de

359 4132 433 4200 1884,
447 4135 502 4188 elle
515 4135 584 4189 etait
594 4151 632 4188 un
646 4134 696 4189 Iait
717 4135 867 4204 accompli.
884 4137 958 4189 Pour
981 4137 1110 4190 attenuet
1131 4135 1204 4189 dans
1218 4135 1246 4188 la
1259 4150 1371 4188 mesore
1385 4134 1423 4186 du
1437 4129 1562 4201 possible
1576 4128 1618 4181 les

354 4211 436 4266 etiets
449 4214 486 4267 de
499 4226 543 4269 cet
564 4226 627 4269 acte
645 4214 792 4282 sacrilege,
807 4215 832 4268 le
844 4216 1024 4284 §aiot-Siege
1034 4232 1052 4269 a
1065 4214 1226 4284 transpone
1251 4214 1319 4267 hors
1341 4213 1452 4267 d’Italie
1467 4211 1494 4264 Ia
1506 4209 1618 4277 gestion

354 4290 394 4344 du
406 4293 576 4362 patrimoine
589 4294 625 4348 de
638 4294 665 4347 la
678 4294 905 4362 congregation.'’
914 4325 949 4332 —
959 4297 1038 4363 (Mgr
1048 4294 1084 4349 de
1103 4294 1275 4348 T'Serclaes.
1288 4294 1364 4346 Llon
1377 4291 1466 4356 XIII,
1480 4300 1498 4343 t.
1512 4290 1533 4354 1,
1553 4303 1618 4356 pag.

354 4372 574 4438 366J-“Dans
597 4389 689 4428 aucun
704 4357 771 4425 litat
792 4372 831 4426 du
853 4374 960 4429 monde
974 4368 1091 4443 l'Eglise
1112 4375 1284 4443 Catholique
1305 4390 1341 4427 ne
1357 4373 1430 4441 jouit
1450 4371 1485 4423 de
1508 4378 1569 4421 tant
1583 4370 1619 4420 de

353 4450 453 4505 liherte
466 4470 522 4522 que
535 4455 602 4509 chez
615 4469 686 4507 nous
703 4453 802 4507 I-La
815 4455 979 4509 catholicin}
989 4455 1100 4509 devrait
1113 4455 1172 4509 etre
1183 4453 1419 4508 reconnaissante
1431 4464 1533 4505 envers
1543 4447 1618 4499 l’Ita·

355 4530 391 4584 lie
407 4534 426 4585 tt
438 4534 451 4559 ¹'
465 4534 580 4604 (Crispi.
595 4549 629 4587 20
643 4536 721 4603 Sept.
738 4531 826 4600 1895.)

389 4625 414 4677 4
430 4613 533 4681 Prelot,
546 4601 656 4668 Etudas
669 4615 700 4666 S.
708 4612 749 4681 J,
763 4622 782 4664 t.
797 4613 840 4680 64,
854 4630 919 4684 pag.
934 4629 969 4669 20
981 4626 1010 4671 et
1024 4616 1084 4683 256.

392 4703 414 4759 5.
430 4693 488 4747 Leo
503 4696 589 4764 XIII,
600 4695 690 4748 AIIoc.
708 4692 928 4762 Tempestivum,
943 4710 978 4764 30
992 4697 1063 4751 Dec.
1080 4694 1155 4762 1889.
