3496 5482
599 725 810 809 CAPUT
839 726 1171 826 QUINTUM.

247 888 394 971 Sacer
422 883 479 966 iit
502 885 685 967 exinde
707 885 1026 984 principatus
1055 887 1220 970 civilis
1253 890 1297 974 S.
1328 848 1507 973 Eccle-

284 1002 386 1083 siae.
410 1000 753 1086 Sacratissima
773 1006 848 1084 est
866 1022 1070 1105 quoque
1091 1005 1252 1087 Roma
1264 1007 1468 1106 papalis.

288 1301 315 1362 l.
334 1300 445 1360 Sacra
459 1299 544 1359 haec
559 1295 742 1369 possessio
757 1295 845 1368 quia
861 1309 965 1354 nunc
989 1299 1200 1358 necessarie
1215 1300 1324 1359 unita
1339 1301 1508 1361 auctori-

246 1399 312 1456 tati
336 1410 452 1456 sacrae
475 1395 615 1454 summi
633 1392 833 1452 pontilicis.
851 1427 889 1437 -
917 1394 951 1454 2.
970 1392 1082 1456 Sacra
1098 1396 1137 1453 in
1158 1396 1303 1468 origine
1323 1410 1403 1474 sua,
1420 1412 1508 1472 quae

246 1499 392 1556 constat
403 1508 451 1553 ex
460 1491 784 1554 donationibus.-
795 1491 828 1552 3.
844 1493 956 1553 Sacra
967 1498 1127 1567 propter
1141 1493 1325 1554 beneficia
1340 1496 1508 1556 societati

248 1577 350 1655 civili
379 1594 558 1668 praestita.
591 1626 631 1636 -
655 1590 692 1650 4.
722 1593 834 1651 Sacra
863 1597 1020 1665 propter
1045 1593 1248 1653 duodecim
1281 1596 1508 1655 saeculorum

247 1694 630 1768 praescriptionem-
640 1689 674 1750 5.
690 1688 790 1747 Hinc
801 1690 925 1762 magni
937 1674 1093 1763 'semper
1103 1692 1248 1754 exstitit
1265 1694 1512 1754 Pontificibus

248 1797 285 1852 et
308 1792 487 1854 conciliis
511 1792 594 1849 haec
621 1788 818 1862 possessio.
851 1822 891 1832 —
920 1790 953 1851 6.
986 1791 1079 1848 Haec
1108 1791 1235 1851 omnia
1256 1791 1451 1865 speciatim
1474 1796 1512 1852 et

247 1893 385 1972 potiori
417 1892 505 1965 jure
541 1890 588 1948 de
624 1887 725 1949 Urbe
761 1891 903 1947 aeterna
928 1889 1048 1948 Roma
1068 1890 1207 1967 valent,
1238 1904 1324 1964 quae
1352 1893 1511 1965 imperio

249 1991 462 2052 Universali
501 1989 686 2050 divlnltus
720 1985 792 2047 fuit
815 1989 1092 2062 praedestinata.
1117 2024 1157 2033 —
1178 1993 1211 2054 7.
1245 1992 1363 2066 culus
1391 1998 1512 2053 sortes

247 2103 397 2164 semper
429 2102 516 2148 cum
546 2089 711 2149 sortibus
744 2088 882 2146 Vicaril
901 2088 1043 2148 Christi
1073 2094 1163 2149 sunt
1195 2091 1330 2163 ligatae.
1362 2124 1401 2135 —
1429 2094 1511 2154 8.ll

248 2204 325 2263 quo
348 2201 497 2262 semper
521 2192 559 2247 et
583 2189 749 2247 maxima
774 2187 919 2259 accepit
944 2187 1138 2247 beneficia.
1153 2189 1238 2250 -9.
1256 2191 1512 2250 Sacratissima

249 2295 305 2349 est
331 2291 450 2350 Roma
481 2293 522 2348 ut
547 2294 661 2361 caput
686 2289 797 2351 Orbis
824 2288 1011 2364 catholici,
1034 2294 1077 2348 ui
1103 2293 1277 2349 centrum
1306 2290 1511 2362 spiritualis

247 2389 435 2449 societatis
462 2388 648 2448 Ecclesiae.
678 2420 718 2430 —
749 2388 802 2448 10.
834 2386 1092 2446 Sacratissima
1120 2392 1275 2461 propter
1309 2389 1511 2461 sepulchra

248 2488 514 2560 Apostolorum
555 2486 655 2545 Petri
685 2490 722 2544 et
761 2485 877 2544 Pauli.
917 2518 957 2528 -
990 2486 1036 2548 ll.
1069 2485 1114 2544 Et
1143 2486 1305 2545 aliorum
1346 2487 1509 2547 millium

246 2591 475 2646 sanctorum.
504 2619 545 2629 -
571 2583 625 2644 12.
643 2585 802 2657 Propter
819 2584 1061 2656 splendorem
1078 2585 1213 2645 cultus.
1229 2619 1269 2629 —
1287 2587 1338 2648 13.
1354 2587 1511 2658 Propter

248 2683 543 2743 innumerabilia
570 2682 642 2741 alia
668 2682 801 2754 capita.
833 2715 872 2724 ·-
911 2680 968 2742 14.
992 2683 1154 2742 Demum
1170 2684 1348 2746 sanctitas
1378 2685 1510 2745 Romae

248 2788 352 2857 patet
363 2784 424 2843 vel
439 2795 487 2841 ex
502 2782 590 2842 odio
605 2781 848 2841 inimicorum
865 2781 934 2841 Dei
951 2781 990 2839 in
1005 2793 1098 2840 eam.
1116 2815 1156 2826 -
1173 2781 1226 2843 15.
1240 2783 1295 2843 slt
1309 2782 1511 2841 vaticanus

250 2884 360 2945 nobis
385 2883 503 2943 instar
526 2883 667 2942 montis
693 2882 793 2943 sion.

302 3182 329 3240 l.
345 3166 435 3240 Non
451 3163 710 3240 tantummodo
724 3163 890 3262 legitima
905 3182 962 3239 est
979 3165 1014 3238 in
1030 3190 1097 3238 sua
1112 3166 1258 3265 origine
1275 3166 1509 3264 Principatus

252 3283 467 3383 temporalis
496 3283 536 3356 S.
556 3281 677 3367 Sedis,
698 3282 822 3356 sedet
847 3306 951 3355 sacra
969 3299 1027 3357 est
1046 3283 1127 3380 ejus
1156 3284 1355 3380 possessio,
1377 3302 1509 3382 utpote

252 3403 442 3501 pertinens
454 3399 501 3473 ad
514 3400 772 3473 auctoritatam
781 3410 946 3496 sanctam
961 3400 997 3471 V
995 3400 1109 3474 z‘carz’z'
1123 3399 1156 3473 C
1154 3401 1272 3476 tristi
1280 3420 1393 3501 atquc
1401 3403 1513 3501 juxta

252 3520 441 3621 singulare
463 3518 714 3592 Providentiae
732 3519 923 3592 decretum
943 3519 1012 3615 ipsi
1033 3521 1241 3595 necessarie
1260 3520 1373 3596 unita.

306 3643 358 3717 Et
389 3642 471 3741 quis
491 3658 614 3714 narret
643 3657 824 3737 quantum
845 3639 1054 3713 sanctitatis
1084 3665 1131 3714 ex
1152 3639 1215 3714 tali
1248 3640 1513 3740 conjunctione

253 3759 431 3834 obveniat
451 3758 534 3832 huic
553 3757 778 3854 Principatui
798 3756 927 3831 civili?

304 3922 354 3934 -
375 3878 546 3974 Reapse;
566 3875 782 3949 Auctoritas
804 3874 950 3948 Summi
983 3875 1226 3950 Pontificatus
1246 3876 1314 3950 luit
1332 3876 1474 3953 directe
1492 3902 1514 3951 a

257 3995 355 4071 Filio
370 3996 443 4070 Dei
459 3995 627 4068 instituta
642 4011 680 4068 et
695 3993 814 4067 Beato
829 3993 941 4067 Petro
955 3994 1059 4081 data;

306 4112 503 4188 —collata
522 4112 589 4186 luit
605 4137 672 4209 per
692 4112 843 4186 Petrum
863 4111 910 4185 ad
927 4111 1038 4208 hujus
1058 4137 1302 4199 successores,
1321 4113 1514 4189 Romanos

255 4230 396 4308 scilicet
417 4229 616 4304 Pontifices
631 4258 638 4317 ;

305 4395 355 4408 -
372 4349 559 4424 destinata
578 4348 645 4423 luit
677 4347 844 4422 missioni
865 4347 1078 4445 reparatrici
1108 4347 1193 4421 Filii
1217 4349 1290 4424 Dei
1321 4373 1439 4448 usque
1466 4350 1514 4424 ad

257 4468 616 4546 consummationem
637 4465 855 4540 saeculorum
875 4467 911 4540 in
931 4467 1072 4539 mundo
1086 4469 1383 4565 prosequendae;

307 4635 357 4647 -
376 4606 507 4664 ornata
524 4586 650 4661 existit
669 4584 959 4683 praeclarissimis
978 4585 1262 4684 praerogativis3

308 4755 358 4767 —
377 4707 516 4782 affatim
528 4704 823 4802 donatajuribus
842 4703 1072 4790 sublimibus,
1092 4703 1251 4801 propriis
1263 4728 1305 4777 ac
1324 4702 1510 4806 legitimis,
