3496 5482
353 670 397 738 16
759 686 853 736 enen
881 686 941 736 srr
968 685 1043 734 nux
1073 685 1198 735 uousu.

347 873 518 934 mamus;
545 866 595 933 ut,
625 847 720 923 sicut
749 847 980 945 profectibus
999 864 1113 921 tantae
1137 847 1330 944 dignitatis
1362 865 1531 946 augetur,
1562 848 1613 921 ita

347 967 525 1040 virtutum
563 966 704 1039 meritis
730 964 949 1052 cumuletur,
975 984 1160 1063 quatenus
1178 964 1443 1038 Eccleszirslicce
1464 964 1613 1038 univer·

346 1084 470 1157 silatzs
487 1109 592 1171 onus,
615 1084 674 1158 Te
692 1083 896 1182 adjuvante
913 1083 1029 1181 digne
1048 1081 1151 1167 lerat,
1172 1101 1210 1156 et
1229 1108 1252 1154 a
1267 1083 1335 1170 Te,
1356 1082 1476 1180 quies
1494 1081 1611 1156 beati·

347 1202 438 1276 tudo
457 1218 616 1289 tuorum,
638 1202 762 1276 vicem
783 1202 953 1276 meritam
974 1200 1137 1298 recipiat.

398 1319 691 1417 “Omnipotens
731 1319 960 1416 sempiterne
995 1319 1111 1404 Deus,
1144 1317 1307 1416 dignitas
1344 1317 1544 1391 sacerdotii
1573 1335 1611 1391 et

348 1455 477 1512 auctor
491 1437 607 1536 regni,
628 1436 676 1510 da
695 1436 854 1536 gratiam
874 1436 1013 1511 famulo
1029 1455 1094 1511 tuo
1112 1433 1269 1535 (Leoni)
1285 1435 1454 1511 Pontifici
1469 1453 1608 1521 nostro,

348 1554 556 1629 Ecclesiam
587 1571 688 1629 tuam
728 1555 916 1629 fructuose
957 1554 1122 1654 regendi,
1156 1572 1197 1627 ut
1228 1553 1291 1651 qui
1321 1571 1384 1627 tua
1412 1552 1611 1627 clementia

346 1673 468 1747 Pater
486 1696 617 1770 regum
635 1682 671 1746 et
688 1673 982 1747 rectoromm'um
999 1673 1178 1772 fidelium
1197 1671 1434 1746 constituitur
1451 1689 1489 1745 et
1507 1695 1610 1745 coro·

347 1806 465 1875 natur,
482 1789 618 1864 salubri
639 1808 702 1864 tua
721 1790 968 1887 dispositione
986 1808 1120 1864 cuncta
1139 1789 1236 1863 bene
1254 1789 1454 1888 gubernet.
1476 1787 1493 1815 ”

397 1907 545 2002 Quibus
560 1925 598 1983 et
616 1925 824 1983 consonant
844 1908 959 1981 verba
971 1908 1050 1981 haec
1064 1905 1456 1982 Cardinalis·Diaconi
1476 1904 1609 2002 prioris

346 2027 409 2124 qui
455 2026 585 2100 tiaram
626 2026 832 2122 imponens,
877 2026 1095 2101 Pontificem
1133 2026 1183 2100 ita
1234 2025 1385 2098 nomine
1428 2022 1610 2098 Ecclesiae

345 2143 565 2241 alloquitur:
602 2144 790 2242 (Accipe
826 2144 967 2230 tiaram,
995 2143 1113 2219 tribus
1149 2142 1296 2218 coronis
1339 2159 1521 2229 ornatam,
1568 2122 1639 2216 et⁰

346 2263 465 2338 scias:

395 2425 446 2437 -
467 2391 487 2420 “
509 2381 658 2456 Patrem
679 2400 716 2456 te
735 2407 819 2456 esse
841 2381 1054 2481 Principum
1074 2401 1112 2457 et
1142 2383 1304 2481 Regum,

399 2541 449 2554 —
469 2506 490 2536 ‘⁶
512 2500 714 2573 Rectorem
734 2499 847 2586 orbis,

397 2659 448 2672 -
469 2625 490 2655 “
514 2617 557 2690 ln
577 2634 675 2693 terra
693 2616 881 2691 Vicarium
898 2616 1104 2692 Salvatoris
1121 2615 1236 2691 nostri
1255 2615 1351 2711 Jasu
1365 2614 1541 2700 Curusm,
1560 2657 1611 2670 —

346 2734 404 2808 cui
426 2750 485 2809 est
503 2734 624 2811 honor
642 2754 680 2809 et
698 2734 818 2834 gloria
837 2735 874 2808 in
888 2734 1025 2809 saecula
1044 2733 1285 2809 saeculorum!
1304 2777 1355 2789 -
1374 2732 1497 2807 Amen
1511 2728 1555 2832 (¹)
1571 2731 1578 2804 l
1593 2732 1609 2758 '¹

401 2852 520 2927 Hisce
549 2853 657 2928 dictis
688 2853 871 2928 veraciter
894 2871 933 2927 et
964 2851 1117 2927 mirifice
1147 2851 1404 2925 manifestatur
1425 2850 1610 2948 Maiestas

347 2968 408 3043 illa
425 2995 600 3068 suprema
631 2996 706 3069 qua
738 2969 837 3045 nulla
868 2988 926 3045 est
953 2970 1024 3044 sub
1042 2968 1121 3044 sole
1140 2968 1345 3044 excelsior:
1368 2967 1553 3042 Primatus
1573 2967 1610 3040 in

352 3086 527 3162 Ecclesia
545 3086 726 3161 catholica
745 3105 782 3161 et
800 3086 1010 3162 Vicariatus
1032 3086 1117 3160 Filii
1141 3087 1275 3160 summi
1298 3086 1382 3160 Dei.

397 3209 431 3271 9·
447 3205 587 3278 Mirum
603 3230 695 3304 ergo
714 3230 949 3303 nequaquam
967 3206 1138 3279 videatur
1149 3205 1179 3278 si
1196 3204 1448 3299 Principatum
1462 3202 1609 3277 civilem

347 3323 395 3397 ab
413 3323 662 3420 omnipotenti
684 3321 769 3398 Deo
782 3341 896 3397 tantae
912 3341 950 3398 et
962 3322 1261 3419 incomparabilis
1276 3321 1470 3422 dignitatis
1484 3321 1611 3420 singu·

347 3440 413 3514 lari
432 3429 671 3520 Providentia
682 3440 867 3526 collatum,
883 3466 1032 3515 causam
1052 3441 1219 3514 dicamus
1239 3440 1377 3514 habere
1396 3439 1465 3513 sibi
1487 3438 1611 3513 exclu-

348 3559 430 3633 sive
448 3560 636 3657 propriam
651 3577 763 3657 atque
778 3559 1026 3642 intrinsecam,
1041 3558 1250 3632 custodiam
1262 3556 1402 3631 scilicet
1416 3555 1611 3656 dignitatis

348 3692 387 3750 et
412 3674 593 3751 libertatis
624 3694 698 3750 tam
719 3676 875 3776 insignis
898 3676 1082 3749 Primatus
1104 3675 1216 3761 Petri,
1236 3701 1348 3773 quem
1370 3675 1454 3748 ideo
1474 3674 1509 3746 in
1530 3691 1611 3748 toto

348 3793 440 3868 orbe
458 3810 639 3868 terrarum
660 3793 819 3868 latemur
837 3819 951 3867 unum
971 3820 1055 3869 esse
1074 3794 1110 3867 in
1125 3818 1267 3891 genere
1285 3818 1354 3866 suo
1373 3811 1411 3866 et
1430 3792 1610 3890 majorem

348 3911 420 3985 hoc
436 3911 649 4010 Principatu
661 3913 740 3986 dari
757 3911 1012 3988 nullumHaec
1023 3911 1121 3987 clare
1136 3929 1293 3986 testatur
1306 3911 1386 4008 ipse
1402 3909 1613 3993 ChristiVi·

348 4029 468 4103 carius
486 4053 493 4104 :
510 4040 530 4069 “
548 4029 654 4104 Nihil
669 4048 727 4105 est
738 4056 833 4128 opus
846 4048 1015 4104 naturam
1031 4053 1325 4104 commemorare
1340 4027 1458 4101 civilis
1474 4028 1613 4100 Roma·

349 4174 480 4224 norum
497 4149 718 4225 Pontificum
737 4150 1047 4248 Principatusqui
1064 4175 1148 4223 cum
1163 4148 1247 4222 illuc
1260 4147 1445 4244 pertineat
1459 4146 1611 4242 utApo·

348 4265 466 4341 stolici
486 4267 680 4342 ministerii
704 4266 914 4342 libertatem
942 4267 1240 4366 dignitatemque
1273 4265 1439 4339 debitam
1469 4260 1611 4337 efficaci

347 4385 516 4459 custodia
534 4402 691 4472 tueatur,
713 4409 883 4459 caussam
903 4384 1017 4459 habet
1036 4384 1106 4459 sibi
1130 4383 1238 4456 unice
1257 4381 1469 4479 propriam;
1496 4380 1613 4453 idem·

347 4527 421 4599 que
438 4528 461 4575 a
478 4503 667 4577 communi
687 4503 831 4577 ratione
850 4502 1123 4600 principatuum
1138 4526 1212 4574 non
1225 4525 1356 4596 parum
1376 4497 1500 4573 differt
1518 4495 1576 4595 (²)
1595 4495 1613 4523 ’'

386 4751 408 4793 1.
423 4739 527 4809 Heme,
541 4742 585 4795 De
597 4740 716 4797 laCour
726 4741 817 4809 Rom„
830 4748 849 4795 t.
866 4741 905 4809 11,
919 4758 944 4811 p.
960 4749 1052 4809 219er
1066 4739 1290 4809 seq-Wetzer
1306 4748 1335 4792 et
1348 4736 1450 4790 Welte.
1464 4735 1503 4788 V⁰
1519 4732 1546 4787 Τ
1543 4734 1613 4788 iare.
1650 4755 1653 4759 ¹

383 4840 408 4882 2.
421 4826 513 4884 Alloc.
530 4828 558 4882 Τ
554 4829 748 4900 empesrivum.
762 4841 797 4897 30
811 4829 881 4884 Dec.
896 4829 973 4896 1889.
