3496 5482
616 560 948 637 menstruarum.
1042 621 1044 625 .
1175 626 1176 629 ,
1367 578 1413 649 45
1497 603 1498 606 =

157 751 259 824 tione
287 750 454 848 gerenda
481 748 621 823 Sedem
654 746 763 834 illam,
793 747 840 821 ad
872 770 984 843 quam
1007 754 1200 841 “propter
1231 741 1415 839 potiorem

158 866 468 966 principalitatem
481 891 634 940 necesse
648 883 706 941 est
719 890 869 939 omnem
885 862 1096 938 Ecclesiam
1107 861 1310 936 convenire
1324 857 1368 961 (¹)
1383 858 1414 933 ”.

211 985 317 1083 Ergo
337 984 475 1060 utilitas
496 982 686 1069 Ecclesiae,
707 991 749 1056 ut
765 982 850 1056 bene
867 983 927 1067 sit,
948 980 1118 1078 exposcit
1143 973 1416 1054 immunitatem

160 1102 305 1201 Capitis
323 1102 379 1176 sui
399 1101 547 1200 plenam
566 1099 621 1200 (²).
645 1101 703 1174 Ea
722 1099 937 1174 immunitas
955 1116 1081 1173 autem
1100 1097 1262 1172 existere
1287 1097 1416 1194 nequit
1507 1173 1508 1176 ,

159 1221 190 1304 si
209 1220 361 1294 orbatur
378 1236 565 1317 potestate
595 1215 719 1316 regali.
742 1217 801 1292 Sit
820 1243 912 1317 ergo
933 1217 1035 1314 Papa
1068 1242 1131 1290 rex
1156 1215 1416 1313 independens

160 1364 182 1412 a
200 1363 437 1436 quacumque
454 1338 676 1415 auctoritate
695 1338 858 1411 humana
871 1354 1036 1436 oportet.
1146 1431 1148 1437 ,

211 1454 298 1530 Alia
330 1458 423 1532 ratio
454 1455 665 1530 necessario
697 1457 884 1556 requisitae
920 1454 1222 1551 independentiae
1256 1454 1417 1558 Romani

164 1572 354 1648 Pontificis
373 1573 453 1648 haec
471 1592 553 1648 est:
574 1572 804 1648 Omnimoda
821 1573 973 1648 libertas
1005 1597 1081 1669 qua
1110 1572 1276 1672 gaudere
1304 1572 1418 1647 debet

161 1692 197 1765 in
210 1691 355 1767 delectu
371 1689 635 1778 Cardinalium,
652 1691 715 1789 qui
730 1708 816 1765 sunt
829 1691 928 1767 Cleri
947 1691 1108 1765 Romani
1127 1715 1212 1789 pars
1231 1691 1418 1788 praecipua

162 1829 200 1885 et
228 1810 544 1908 praestantissima.
579 1808 749 1884 Pontifici
778 1809 878 1885 enim
907 1828 995 1884 sunt
1022 1835 1044 1882 a
1072 1808 1245 1894 consiliis,
1278 1810 1352 1883 imo
1381 1826 1419 1884 et

163 1928 279 2026 ipsius
302 1929 493 2004 Pontific'is
511 1927 792 2018 solielectores.

215 2046 304 2121 Mos
334 2064 460 2121 autem
491 2064 549 2121 est
578 2064 616 2122 et
647 2047 879 2122 consuetudo
913 2046 1136 2121 Pontificum
1166 2072 1213 2120 ex
1245 2046 1419 2121 omnibus

163 2161 455 2239 Christianitatis
474 2164 698 2251 nationibus,
714 2183 895 2263 quantum
915 2164 1113 2239 commode
1131 2163 1210 2239 fieri
1229 2180 1364 2261 potest,
1381 2179 1420 2237 et

162 2300 272 2379 prout
291 2282 360 2355 viri
380 2282 503 2357 idonei
524 2283 660 2379 reperti
681 2281 1053 2368 suerint,Cardinales
1073 2301 1110 2357 et
1131 2281 1345 2379 Episcopos
1363 2307 1419 2355 as·
1539 2361 1544 2370 ,

164 2415 312 2474 sumere
331 2397 389 2499 (³)
408 2400 483 2474 Ast
500 2400 532 2474 si
554 2400 655 2496 Papa
674 2419 775 2475 esset
792 2400 863 2474 sub
882 2419 1069 2499 potestate
1096 2400 1290 2498 cujusdam
1322 2425 1420 2473 arro·

163 2519 289 2617 gantis
306 2519 497 2617 Principis,
513 2545 639 2595 nonne
654 2520 862 2596 timendum
880 2539 981 2596 esset
994 2546 1041 2595 ne
1060 2521 1193 2595 iterum
1208 2520 1422 2595 videremus

165 2636 212 2722 id,
233 2637 335 2734 quod
354 2637 464 2736 hujus
481 2637 612 2738 saeculi⁴
626 2639 731 2713 initio
750 2639 939 2714 occurrit?
958 2639 1067 2713 Tunc
1098 2640 1198 2714 enim
1228 2638 1422 2713 contendit

167 2754 203 2827 N
209 2753 342 2852 apoleo
358 2755 371 2829 l
388 2774 428 2830 ut
438 2756 509 2830 sibi
529 2756 587 2848 jus
605 2757 875 2832 concederetur
893 2775 948 2832 tot
962 2756 1186 2856 designandi
1202 2754 1422 2831 Cardinales

167 2870 306 2959 Gallos,
327 2891 419 2970 quot
437 2873 585 2948 tertiam
609 2876 881 2950 constituerent
908 2876 1003 2949 sacri
1024 2874 1182 2974 Collegii
1210 2893 1364 2972 partem,
1385 2864 1424 2949 et

165 2989 217 3063 ita
236 2989 407 3064 Ecclesia
425 2991 549 3089 potius
570 2991 714 3067 Gallica
733 2991 865 3068 luisset
882 3018 996 3091 quam
1016 2991 1236 3068 universalis
1268 3018 1335 3068 seu
1364 3018 1423 3066 ca·

166 3107 315 3183 tholica.
435 3126 437 3131 ’
1524 3094 1528 3100 ’

178 3232 192 3300 ’,
216 3237 251 3298 2.
274 3226 360 3300 Hac
379 3213 524 3302 ratione
542 3227 788 3303 immunitatis
806 3228 917 3327 plane
937 3228 1166 3328 firmiterque
1202 3230 1424 3306 exercenda
1450 3237 1451 3241 ’

167 3344 305 3431 innixa,
323 3343 492 3419 Ecclesia
511 3346 773 3421 necessitatem
791 3346 1024 3445 Principatus
1039 3348 1254 3446 temporalis
1266 3350 1424 3425 decursu

166 3461 398 3548 saeculorum,
429 3464 578 3562 quoties
607 3490 702 3561 opus
738 3483 828 3552 erat,
860 3451 962 3562 saepe
997 3467 1133 3563 saepius
1164 3466 1423 3564 proclamavit,
1520 3470 1521 3474 ’

168 3605 265 3654 nunc
296 3580 485 3669 indirecte,
517 3583 732 3659 damnando
768 3584 964 3659 haereticos
995 3585 1059 3682 qui
1088 3584 1205 3660 verbo
1236 3604 1275 3661 et
1309 3611 1426 3682 opere

52 3726 55 3731 ·
168 3697 345 3773 volebant
382 3700 586 3796 temporale
623 3700 664 3775 S.
704 3702 803 3776 Petri
839 3703 1046 3776 dominium
1083 3703 1288 3790 destruere,
1327 3729 1425 3778 nunc

167 3817 318 3905 directe,
350 3818 554 3893 asserendo
581 3843 649 3916 per
682 3844 794 3894 voces
824 3818 1057 3908 Pontificum,
1080 3820 1332 3897 Conciliorum
1362 3838 1427 3896 aut

172 3935 456 4034 Episcoporum,
477 3937 571 4011 hanc
593 3962 719 4013 veram
738 3956 776 4014 et
795 3939 997 4015 tenendam
1017 3965 1101 4016 esse
1119 3940 1338 4016 doctrinam.

217 4054 303 4152 lam
338 4079 438 4130 anno
468 4057 613 4130 circiter
649 4060 743 4150 1138
779 4059 953 4155 apparuit
984 4057 1175 4133 Arnaldus
1210 4059 1425 4147 Brixiensis,

130 4184 133 4188 ’
169 4172 372 4272 discipulus
400 4175 499 4250 Petri
528 4175 729 4265 Abaelardi,
758 4177 965 4266 haereticus,
995 4178 1069 4276 qui,
1100 4197 1293 4276 assumpta
1323 4177 1427 4253 larva

168 4293 388 4379 sanctitatis,
421 4295 630 4379 monastico
662 4296 803 4371 scilicet
833 4296 973 4384 habitu,
1010 4295 1212 4394 Episcopis
1248 4314 1286 4371 et
1314 4297 1426 4371 etiam

172 4411 347 4485 Romano
368 4413 539 4486 Pontifici
558 4414 697 4513 regalia
716 4415 924 4513 leudosque
943 4417 1168 4517 deneganda
1186 4441 1270 4491 esse
1288 4415 1425 4491 docuit.

173 4533 362 4632 '‘fiale-nr.
378 4563 449 4616 cum
460 4563 606 4632 castorea,
619 4566 653 4619 κο
667 4567 751 4622 nan.
769 4567 845 4621 1860.
925 4565 927 4569 ’

207 4653 231 4693 2.
245 4640 386 4708 Palmieri‚
400 4660 463 4712 pag.
479 4643 539 4712 584,
552 4659 623 4714 sqq.,
632 4645 704 4699 thes.
718 4646 827 4702 XXIV.

207 4734 231 4789 μ
245 4721 270 4773 T
272 4722 326 4776 rid.
340 4723 420 4782 sess,
430 4720 539 4792 XXIV,
552 4724 657 4783 decret.
669 4725 715 4780 De
727 4726 860 4796 Reform,
871 4743 933 4798 cap.
947 4739 967 4784 1.
1054 4779 1057 4783 .
