3496 5482
245 498 290 567 82
653 516 745 567 rnna
774 515 832 566 sur
861 515 935 565 Rsx
965 516 1092 565 noum.

971 619 1012 625 --
1043 620 1056 624 -
1068 618 1272 627 —.--—--—

241 676 418 762 auxisse;
448 719 496 733 —
516 672 555 774 3)
583 673 760 748 Carolum
793 674 988 770 Magnum,
1021 691 1150 771 erepta
1175 700 1197 746 a
1234 675 1497 773 Longobardis

243 796 395 894 regibus
415 795 525 870 Sedis
544 791 774 892 Apostolicae
800 793 975 881 dominia,
999 793 1134 868 Eidem
1149 795 1262 868 armis
1281 816 1499 893 recuperata

243 912 459 987 restituisse.

296 1044 317 1074 ‘⁸
340 1032 434 1107 Illud
455 1033 490 1104 in
520 1031 588 1105 hac
608 1057 646 1106 re
665 1032 964 1107 animadvertere
983 1032 1074 1106 satis
1092 1050 1158 1119 est,
1180 1032 1326 1106 etiamsi
1346 1034 1498 1108 daretur

243 1155 335 1228 salsa
354 1178 428 1227 non
446 1177 530 1226 esse
548 1152 706 1226 conficta
725 1151 786 1225 illa
806 1151 930 1226 Caroli
952 1152 1086 1250 Magni
1108 1151 1202 1248 jura,
1231 1170 1357 1226 tamen
1376 1179 1398 1225 a
1420 1152 1454 1224 N
1460 1179 1498 1225 a·

243 1273 403 1372 poleone
422 1269 646 1367 imperatore
670 1288 900 1368 compertam
921 1295 995 1344 non
1016 1269 1130 1344 luisse
1145 1268 1286 1344 Sedem
1306 1269 1498 1368 Apostoli·

241 1418 333 1473 cam,
359 1407 471 1486 atque
509 1387 593 1462 Nos
615 1389 727 1485 ipsos,
761 1389 824 1485 qui
856 1413 938 1462 eam
966 1387 1147 1461 divinitus
1181 1387 1373 1474 habemus,
1395 1389 1497 1462 ineo

242 1535 365 1585 rerum
390 1524 501 1590 statu,
523 1505 558 1579 in
578 1531 653 1605 quo
675 1506 976 1580 Praedecessores
999 1507 1033 1579 N
1040 1506 1167 1580 ostria
1195 1505 1331 1581 Carolo
1353 1505 1498 1603 Magno

242 1624 423 1722 comperti
442 1622 613 1710 suerunt;
633 1622 892 1721 Apostolicam
913 1622 1053 1697 Sedem
1073 1623 1191 1698 libero
1210 1641 1248 1698 et
1276 1624 1414 1698 nemini
1432 1623 1498 1697 ob-

243 1744 366 1827 noxio,
397 1741 584 1816 continuis
615 1742 745 1815 decem
778 1740 934 1828 saeculis,
968 1767 1115 1816 summo
1151 1742 1188 1815 in
1220 1741 1382 1817 ditiones
1410 1766 1497 1816 suas

242 1861 398 1962 imperio
428 1859 634 1956 potientem
666 1884 709 1932 ac
742 1858 936 1946 fruentem,
965 1858 1138 1957 Napoleo
1166 1860 1367 1957 imperator
1396 1885 1496 1934 com·

241 1980 336 2080 perit
355 1978 408 2080 (¹).
430 1979 446 2006 ”

290 2113 323 2174 6.
347 2097 512 2173 Donatio
531 2094 655 2170 Caroli
683 2095 816 2195 Magni
835 2111 943 2170 aucta
962 2096 1065 2172 suita
1083 2097 1159 2174 filio
1178 2100 1259 2198 ejus
1287 2099 1492 2185 Ludovic0,

240 2244 340 2294 anno
360 2222 442 2312 817,
471 2216 534 2314 qui
554 2240 627 2290 non
647 2214 767 2290 solum
786 2215 954 2290 Siciliam
969 2217 1036 2291 sed
1056 2237 1093 2292 et
1113 2219 1325 2294 Sardiniam
1342 2218 1381 2293 S.
1404 2218 1495 2292 Sedi

240 2341 415 2440 subigere
446 2337 637 2437 promisit;
656 2336 704 2410 ab
736 2337 960 2434 imperatore
992 2337 1156 2426 Othone,
1188 2366 1287 2414 anno
1319 2348 1429 2434 962;-
1447 2341 1496 2413 ab

244 2461 413 2537 Henrico
435 2458 472 2533 II
495 2459 531 2532 in
558 2481 661 2533 1020.

295 2582 417 2656 Immo
432 2605 489 2654 res
501 2579 597 2654 adeo
615 2603 721 2654 sacra
731 2578 850 2652 civilis
864 2580 1065 2655 auctoritas
1087 2581 1127 2654 B.
1148 2583 1248 2657 Petri
1266 2609 1309 2657 ac
1329 2610 1395 2681 per
1407 2610 1492 2659 eum

244 2701 498 2776 Romanorum
520 2696 742 2772 Pontificum
762 2722 1019 2771 successorum
1046 2701 1262 2796 perenniter
1280 2702 1406 2778 habita
1425 2721 1493 2788 est,

241 2841 280 2896 ut
299 2849 345 2897 ex
365 2846 475 2897 causa
505 2817 675 2916 tergendi
694 2816 823 2914 culpas
849 2845 891 2891 ac
910 2818 1101 2894 coelestem
1133 2821 1301 2896 merendi
1320 2846 1495 2896 coronam

240 2960 349 3016 aucta
367 2958 404 3013 et
423 2936 646 3034 amplificata
665 2936 700 3008 in
722 2936 802 3009 dies
830 2937 1004 3010 extiterit.
1029 2938 1235 3013 Enimvero
1255 2940 1323 3013 hac
1343 2940 1496 3036 praecise

240 3059 288 3132 de
306 3083 417 3132 causa
436 3055 625 3129 comitissa
643 3053 811 3140 Matilda,
833 3079 932 3128 anno
956 3075 1206 3148 1077‚cuncta,
1228 3083 1311 3155 quae
1330 3057 1495 3154 posside-

241 3182 314 3266 bat,
334 3182 443 3254 beato
458 3179 569 3251 Petro
584 3201 651 3275 per
671 3178 924 3251 interventum
944 3181 1169 3253 successoris
1191 3181 1381 3256 Pontificis
1401 3182 1496 3255 Gre-

240 3299 337 3399 gorii
368 3296 445 3371 VII
477 3295 641 3381 donavit,
673 3295 850 3369 edicens:
889 3304 909 3332 “
941 3296 1028 3394 Ego
1067 3297 1236 3384 Matilda,
1269 3299 1342 3374 Dei
1377 3301 1497 3400 gratia

240 3416 509 3513 comitissapro
529 3413 685 3486 remedio
702 3414 836 3487 animce
853 3439 945 3487 meae
958 3432 995 3487 et
1010 3433 1205 3510 parentum
1222 3443 1388 3491 meorum
1409 3418 1495 3491 dedi

240 3559 278 3613 et
296 3536 413 3612 obtuli
435 3534 615 3609 Ecclesiae
635 3534 692 3608 Sti
708 3534 806 3608 Petri
822 3561 888 3632 per
908 3535 1158 3610 interventum
1174 3539 1301 3612 domni
1322 3536 1496 3637 Gregorii

241 3685 348 3756 papae
367 3658 445 3730 VII
467 3655 593 3731 omnia
612 3654 710 3728 bona
729 3680 811 3728 mea
824 3657 911 3753 jure
929 3657 1174 3753 proprietario
1187 3656 1241 3759 (²).
1260 3660 1277 3687 ”

291 3791 325 3851 7.
346 3774 546 3853 Conclusio
565 3792 622 3847 est
642 3772 720 3845 haec
739 3798 831 3869 ergo
845 3799 956 3868 quam
972 3776 1103 3849 merito
1118 3794 1223 3850 notat
1241 3778 1498 3852 sanctissimus

139 3920 143 3935 ·
246 3895 432 3968 Dominus
467 3893 545 3965 Len
569 3891 702 3964 XIII:
737 3900 756 3928 “
789 3891 941 3964 Initium
973 3893 1162 3990 vitamque
1192 3897 1350 3992 sumpsit
1377 3897 1497 3970 civilis

244 4012 436 4086 Ecclesiae
458 4010 694 4097 Dominatus‚
711 4033 784 4082 non
799 4008 1004 4105 phrenetici
1017 3994 1149 4085 suroris
1168 4040 1250 4109 ope,
1267 4015 1333 4087 sed
1352 4014 1500 4087 dz'vinae

242 4132 504 4206 Providentiae
531 4130 689 4215 consilto,
709 4131 851 4227 optima
870 4155 1041 4229 quaeque
1060 4158 1148 4228 prae
1167 4159 1207 4206 se
1236 4135 1367 4220 serens,
1402 4161 1498 4233 quae

241 4250 446 4349 legitimam
474 4249 670 4323 cuiuslibet
697 4250 929 4347 principatus
956 4250 1082 4325 valent
1096 4252 1322 4327 constituere
1346 4280 1496 4350 posses·

242 4394 385 4442 sionem
404 4395 411 4453 ;
433 4392 630 4439 mmtrum:

246 4522 308 4533 r-—.
323 4521 662 4530 --.-——-————-
856 4523 875 4527 --
905 4523 1088 4529 ..η’-ῃ-
1106 4524 1114 4529 .
1132 4524 1497 4535 Ἢ

280 4603 303 4644 t.
316 4591 405 4644 Alloc.
424 4590 454 4643 16
470 4585 565 4642 Martii
582 4586 656 4640 1808.
669 4585 846 4653 Bullinum,
861 4586 937 4640 Edit.
953 4588 1038 4657 Prati‚
1052 4605 1116 4657 pag.
1133 4603 1208 4655 1044.

279 4683 304 4722 a.
319 4669 472 4735 Pallottini,
487 4666 681 4720 Sacerdotium
694 4672 721 4719 et
731 4666 897 4734 Imperium,
913 4666 952 4732 11,
968 4683 1029 4735 cap.
1041 4679 1060 4731 1,
1074 4685 1098 4720 a.
1113 4683 1138 4734 3,
1149 4685 1177 4722 n.
1190 4669 1234 4736 69.
