3496 5482
656 579 779 632 capus
805 578 990 631 taxatum.
1243 546 1247 552 ’
1405 584 1450 658 53

200 800 202 804 .
248 739 315 840 A)
343 740 418 815 Vix
437 738 731 841 gubernaculum
753 739 912 814 naviculi
935 740 1034 814 Petri
1053 740 1206 816 tenebat
1232 743 1311 818 Leo
1331 745 1450 830 Xttl,
1494 725 1498 728 ⁸
1530 723 1531 726 Ἴ

64 908 67 921 -
147 869 149 872 ’
198 857 282 934 cum
293 861 373 958 jam
389 860 426 933 in
442 860 560 958 prima
572 884 639 933 sua
659 858 860 957 Encyclica
873 858 1146 933 restitutionem
1158 861 1354 957 potestatis
1365 862 1453 936 civi·

197 976 241 1051 lis
262 976 444 1081 Ecclesiae
463 979 644 1053 indicaret
662 1004 730 1053 ceu
749 977 909 1075 primum
930 977 1135 1052 remedium
1158 978 1338 1053 adversus
1357 980 1454 1055 mala
1542 1078 1544 1081 Ι

197 1121 335 1170 coaeva.
355 1107 374 1136 “
390 1095 501 1193 Nihil
513 1097 636 1171 Nobis
655 1097 780 1194 potius
798 1120 882 1170 esse
896 1094 1036 1171 debere
1053 1096 1325 1194 cognoscimus,
1341 1123 1453 1195 quam

196 1231 235 1288 ut
256 1215 450 1292 Romanae
469 1215 668 1290 cathedrae
695 1240 800 1290 suam
826 1213 1047 1313 dignitatem
1075 1231 1213 1289 sartam
1242 1233 1453 1314 tectamque

197 1359 403 1410 servemus.
1142 1324 1145 1331 ⁴

157 1469 158 1472 ’
251 1454 529 1553 “Quapropter
547 1473 588 1528 ut
606 1454 643 1528 in
662 1454 790 1551 primis
819 1453 897 1527 iura
927 1452 1213 1555 libertatemque
1231 1452 1342 1529 huius
1361 1454 1453 1530 San·
1555 1499 1557 1502 ·

199 1590 281 1648 ctae
302 1574 413 1649 Sedis
436 1563 664 1661 adseramus,
681 1571 911 1647 contendere
936 1597 1140 1669 numquam
1168 1573 1395 1658 desinemus,
1416 1590 1455 1647 ut
1495 1575 1497 1578 ⁴

145 1788 147 1795 Α
198 1679 408 1768 auctoritati
431 1693 597 1767 Nostrae
623 1717 730 1767 suum
759 1708 906 1766 constet
933 1691 1165 1788 obsequium,
1196 1709 1236 1765 ut
1264 1691 1457 1767 obstacula

118 1827 122 1837 ·
197 1830 454 1897 amoveantur,
483 1837 581 1911 quae
620 1809 770 1908 plenam
807 1808 1002 1883 ministerii
1024 1808 1155 1884 Nostri
1182 1810 1478 1909 potestatisque.

194 1926 408 2006 ‘libertatem
450 1929 667 2028 impediunt,
697 1946 810 2025 atque
850 1928 887 2000 in
925 1952 1008 2001 eam
1048 1953 1170 2004 rerum
1198 1928 1454 2004 conditionem

102 2144 104 2148 Ι
200 2048 448 2135 restituamur,
471 2050 507 2122 in
535 2074 609 2146 qua
635 2047 787 2121 divinae
806 2045 1024 2142 Sapientiae
1042 2045 1238 2120 consilium
1262 2047 1456 2121 Romanos

186 2166 404 2259 ‘Antistites
424 2166 644 2266 iampridem
663 2163 921 2240 collocaverat.

252 2286 349 2361 “Ad
368 2286 463 2361 hanc
479 2312 569 2360 vero
589 2283 862 2360 restitutionem
883 2282 1146 2380 postulandum
1160 2310 1369 2372 movemur,
1380 2310 1456 2363 non
1479 2270 1483 2276 ³

201 2405 416 2481 ambitionis
445 2405 571 2480 studio
602 2422 666 2479 aut
696 2401 961 2477 dominationis
995 2403 1210 2500 cupiditate,
1243 2405 1312 2478 sed
1345 2402 1456 2479 officii

109 2525 112 2531 ”
202 2524 333 2600 Nostri
353 2525 497 2600 ratione
577 2524 634 2598 Ac
653 2540 847 2621 praeterea
867 2546 941 2595 non
961 2520 1081 2595 solum
1100 2549 1147 2597 ex
1166 2523 1332 2620 eoquod
1354 2523 1456 2597 Prin·
1483 2540 1485 2543 ’

200 2643 345 2740 cipatus
364 2643 423 2718 hic
437 2643 485 2718 ad
505 2641 653 2741 plenam
673 2640 883 2716 libertatem
904 2639 1105 2738 spiritualis
1125 2643 1322 2738 potestatis
1351 2661 1456 2716 tuen·

180 2760 287 2835 dam
311 2763 686 2860 conservlrndamque
716 2779 774 2836 est
794 2760 1035 2848 necessarius,
1053 2806 1102 2817 -
1120 2762 1187 2836 sed
1215 2763 1328 2837 etiam
1355 2761 1457 2860 quod

151 2962 159 2986 κ
201 2870 541 2982 exploratissimum
577 2905 644 2975 est,
673 2911 757 2960 cum
797 2885 846 2958 de
882 2883 1076 2981 temporali
1107 2886 1319 2984 Principatu
1346 2885 1457 2962 Sedis

203 3003 447 3100 Apostolicae
465 3006 598 3106 agitur,
615 3004 752 3104 publici
768 3005 879 3080 etiam
896 3004 984 3078 boni
999 3022 1037 3078 et
1051 3003 1180 3080 salutis
1200 3006 1313 3081 totius
1329 2999 1457 3081 buma-

206 3149 275 3199 nae
290 3127 480 3202 societatis
498 3152 648 3202 causam
668 3125 800 3226 agitari
813 3122 868 3224 (¹).
891 3125 909 3151 ''
1624 3206 1627 3213 s

250 3244 309 3343 B)
334 3244 410 3319 Die
441 3264 486 3338 27
506 3245 679 3344 ‘Augusti
704 3248 797 3336 1878
825 3243 953 3317 scribit
975 3242 1055 3317 Leo
1074 3243 1179 3317 Xlll
1212 3244 1260 3318 ad
1292 3244 1445 3319 cardina
1486 3268 1489 3273 ’
1534 3291 1537 3296 -

201 3358 275 3460 lem
292 3362 416 3439 Nina:
434 3375 453 3404 ‘¹
468 3362 719 3438 Violationem
739 3363 871 3437 iurium
886 3386 1075 3436 sacrorum
1091 3361 1203 3445 Sedis
1218 3361 1451 3460 Apostolicat
1737 3361 1744 3371 ’

203 3480 303 3556 bono
330 3482 628 3581 populorumque
655 3482 804 3557 utilitati
836 3481 1005 3578 apprime
1031 3481 1182 3557 officere
1198 3509 1205 3569 ;
1221 3499 1462 3579 statuumque

203 3600 437 3701 diversorum
464 3604 668 3681 catholicos
695 3601 962 3700 tranquillitate
989 3604 1059 3678 frui
1087 3627 1161 3678 non
1189 3629 1311 3701 posse,
1341 3604 1462 3679 donec

206 3721 383 3802 Summus
401 3727 575 3802 Pontifex
595 3752 683 3801 vera
702 3724 949 3823 absolutaque
968 3726 1133 3826 gaudeat
1160 3724 1342 3801 libertate
1363 3724 1381 3754 ”
1413 3769 1464 3782 -

258 3842 292 3918 C
289 3843 314 3943 )
338 3846 401 3920 Ad
429 3845 695 3922 catholicarum
716 3845 1001 3943 ephemeridum
1027 3862 1343 3943 repraesentantes
1374 3844 1464 3921 dicit

209 3988 226 4036 2
233 3987 253 4057 3
271 3964 601 4059 Februarii·1879:
617 3974 638 4004 “
658 3965 820 4039 lnterest
834 3990 945 4061 quam
963 3964 1125 4039 maxime
1140 3982 1266 4068 rursus
1282 3965 1318 4037 in
1337 3963 1463 4038 catho-

207 4069 359 4159 licorum
388 4105 551 4160 mentem
580 4085 767 4170 reducere,
789 4109 1000 4180 supremam
1023 4083 1216 4161 Ecclesiae
1238 4101 1463 4183 potestatem

208 4202 1465 4304 quaePetroeiusquesuccessoribusdivinituscollataest,exdivina

209 4322 324 4419 ipsius
339 4323 481 4399 Christi
495 4325 738 4410 institutione,
757 4322 1010 4421 plenissimam
1031 4324 1100 4397 sibi
1119 4323 1330 4398 libertatem
1346 4321 1465 4396 vindi·

208 4466 315 4530 care;
342 4487 391 4498 -
418 4444 466 4518 ad
495 4443 590 4519 hanc
617 4462 743 4519 autem
767 4459 993 4541 potestatem
1013 4441 1129 4518 libere
1148 4460 1228 4517 toto
1246 4443 1338 4517 orbe
1360 4464 1465 4517 exer·

211 4563 368 4638 cendam
389 4562 641 4639 necessarium
668 4588 753 4638 esse
778 4560 925 4637 civilem
949 4550 1140 4636 Po'ntificis
1161 4561 1424 4658 Principatum.
1445 4559 1464 4588 ”

250 4781 272 4822 1.
292 4765 409 4836 Encycl.
423 4761 612 4818 Inscrutabilr'
622 4760 686 4828 Dei,
701 4775 731 4814 21
744 4760 833 4830 April.
850 4759 925 4825 1878.
