3496 5482
244 496 954 511 ———-———..————--
1088 506 1156 513 .-..-
1216 506 1492 514 --—-—-—-—

246 568 317 641 150
650 569 744 620 PAPA
770 569 830 621 SIT
858 569 932 619 REX
963 569 1090 621 ROMAE.

339 680 458 686 -—
482 678 751 687 ———-.-
782 680 840 685 —
855 680 976 685 -—.—-..

240 728 399 802 statibus
413 728 653 813 Ecclesiae,ut
667 752 798 802 revera
813 727 1020 824 Gregorius
1034 726 1128 801 XVI
1147 744 1258 814 ratus,
1268 752 1334 802 eos
1348 728 1504 805 minime

241 872 264 919 a
281 845 459 921 militibus
477 847 554 921 suis
573 846 738 920 cohiberi
758 870 879 942 posse,
902 844 996 919 hanc
1011 845 1061 918 ob
1075 871 1152 919 rem
1169 846 1379 921 intenderet
1398 848 1503 922 auxi-

240 962 328 1038 lium
349 983 477 1061 petere
495 991 517 1040 a
532 963 725 1040 Gallorum
743 964 860 1063 Rege,
876 963 1074 1037 Ludovico
1092 962 1275 1062 Philipp0,
1296 964 1359 1062 qui
1375 984 1503 1041 tamen

240 1108 324 1157 cum
344 1083 480 1182 ligatus
498 1100 598 1159 esset
629 1081 881 1166 Massonibus‚
904 1080 1004 1154 haud
1022 1099 1186 1157 attentas
1207 1107 1315 1157 aures
1345 1084 1504 1180 praebuit

240 1218 352 1298 atque
370 1201 590 1299 principium
611 1200 977 1275 non-zittervenlronis
994 1199 1068 1275 alte
1099 1200 1356 1298 proclamavit.
1380 1202 1504 1277 Mani-

240 1318 392 1394 festavit
410 1346 502 1418 ergo
523 1319 698 1394 Pontifex
716 1318 862 1416 corpori
877 1317 1118 1416 diplomatico
1133 1319 1381 1395 intentionem
1395 1346 1503 1395 suam

241 1437 472 1537 efflagitandi
498 1437 675 1513 auxilium
704 1437 753 1511 ab
772 1437 945 1519 Austria;
971 1453 1029 1510 ast
1058 1438 1183 1511 statim
1204 1439 1339 1513 restitit
1356 1438 1504 1536 legatus

242 1555 384 1644 Gallus,
416 1558 637 1654 interposito
669 1556 803 1631 iterum
825 1556 1007 1653 principio
1043 1556 1432 1632 non-interventionis.
1456 1602 1498 1614 -

245 1674 371 1774 Hujus
389 1676 557 1772 principii
578 1673 776 1749 salsitatem
805 1674 865 1748 hic
885 1699 951 1771 per
970 1693 1210 1749 transennam
1230 1694 1361 1751 notare
1374 1677 1503 1775 juvat;

239 1794 379 1890 quippe
396 1794 499 1890 quod
517 1793 617 1868 enim
637 1792 866 1868 verbotenus
892 1817 1044 1866 omnem
1078 1792 1394 1870 interventionem
1425 1819 1502 1871 res·

239 1935 354 2008 puere
380 1912 561 1996 videatur,
577 1911 742 1985 funditus
771 1936 844 1985 non
874 1911 922 1983 sit
941 1911 1012 1985 nisi
1033 1911 1196 2009 positiva
1214 1912 1440 1988 interventio
1462 1914 1502 1987 in

242 2029 407 2104 savorem
429 2031 575 2128 injustae
595 2029 806 2104 rebellionis
824 2049 953 2104 contra
965 2029 1169 2128 legitimam
1185 2032 1443 2107 auctoritatem
1463 2049 1503 2106 et

242 2148 369 2246 iniqua
386 2149 588 2248 denegatio
601 2151 696 2247 juris
716 2149 958 2246 protectionis
972 2167 1121 2235 mutuae,
1143 2150 1243 2246 quod
1262 2150 1359 2225 inter
1385 2149 1502 2224 natio·

243 2291 310 2341 nes
329 2266 619 2366 regnareJdecet.
637 2266 812 2342 Feliciter
827 2286 952 2341 tamen
965 2267 1082 2341 invita
1096 2266 1455 2355 Gallia,Franciscus
1471 2268 1500 2355 l,

241 2402 280 2459 et
298 2386 471 2483 princeps
502 2386 550 2460 de
580 2386 809 2461 Metternich
831 2386 868 2459 in
889 2385 1018 2460 Status
1041 2384 1221 2461 Ecclesiae
1246 2387 1373 2484 copias
1392 2387 1503 2461 mise·

243 2522 338 2590 runt,
358 2503 405 2576 ad
424 2529 580 2601 quarum
606 2523 798 2600 aspectum
825 2504 950 2602 ignavi
973 2504 1178 2578 Massones
1193 2521 1299 2603 terga
1318 2504 1503 2579 dederunt

242 2639 281 2696 et
298 2622 392 2695 sicut
411 2622 552 2697 umbrae
570 2640 813 2698 evanuerunt.
839 2623 987 2697 Interea
1006 2621 1218 2696 sollicitudo
1237 2623 1315 2696 haec
1333 2641 1372 2698 et
1393 2648 1502 2697 occu·

242 2740 344 2837 patio
356 2740 555 2815 Austriaca
585 2741 620 2815 in
651 2740 784 2814 malam
815 2759 958 2838 partem
986 2760 1141 2838 accepta
1170 2740 1280 2816 suita
1307 2741 1503 2816 Gubernio

244 2856 405 2945 Gallico;
425 2859 585 2957 ideoque
617 2859 824 2956 prudentiae
852 2883 964 2933 causa
992 2884 1065 2933 non
1096 2858 1191 2934 ultra
1209 2877 1357 2956 tempus
1375 2884 1503 2934 neces-

242 2977 379 3049 sarium
399 2995 585 3074 protracta
604 2977 682 3052 luit.

293 3134 328 3195 6.
348 3119 458 3194 Tunc
477 3147 567 3194 vero
586 3140 688 3194 secta
707 3122 926 3195 Massonica
941 3120 1049 3194 aliam
1070 3121 1168 3194 viam
1185 3120 1314 3206 iniens,
1329 3121 1502 3195 nimirum

241 3237 523 3335 diplomaticam,
544 3240 657 3335 coepit
672 3238 871 3326 clamitare,
890 3239 1139 3312 sacerdotium
1160 3240 1317 3335 incapax
1336 3266 1419 3315 esse
1437 3266 1503 3338 ge·

244 3356 347 3429 rendi
369 3381 427 3431 res
445 3356 582 3441 civiles,
603 3376 640 3431 et
663 3358 813 3454 Papam,
833 3382 879 3431 eo
898 3357 998 3455 quod
1013 3376 1071 3430 est
1089 3359 1276 3444 sacerdos,
1300 3357 1502 3433 inhabilem

243 3474 405 3547 existere
424 3475 470 3547 ad
491 3476 708 3573 regendum.
730 3519 777 3530 —
799 3474 946 3570 Quibus
977 3475 1186 3549 rumoribus
1216 3495 1406 3572 permotae,
1437 3502 1502 3550 vo·

243 3590 391 3663 luerunt
418 3593 590 3687 quaedam
619 3592 790 3666 nationes
808 3591 1001 3667 catholicae
1032 3594 1144 3667 modo
1172 3593 1294 3667 stabili
1314 3595 1502 3669 securitati

247 3708 413 3782 Dominii
448 3710 660 3806 temporalis
696 3709 841 3807 Papalis
871 3712 1094 3808 prospicere,
1130 3710 1283 3785 ethunc
1320 3712 1355 3784 in
1388 3712 1499 3786 finem

157 3898 161 3905 .
249 3827 380 3899 Romae
399 3826 633 3902 collationem
653 3827 929 3926 diplomaticam
952 3829 1156 3912 instituere,
1177 3827 1350 3902 videlicet
1372 3831 1419 3903 ad
1438 3831 1502 3904 de·

245 3944 476 4019 liberandum
496 3946 544 4019 de
561 3947 695 4020 mediis
714 3946 799 4021 huic
825 3945 1012 4020 securitati
1032 3945 1268 4033 necessariis;
1288 3947 1388 4044 quod
1418 3973 1501 4045 pro·

247 4063 345 4137 secto
379 4062 561 4159 optimum
587 4064 717 4137 luisset
748 4063 936 4160 Religioni
970 4083 1006 4136 et
1042 4062 1216 4160 Europae.
1237 4059 1310 4138 Ast
1341 4066 1399 4139 hic
1435 4091 1503 4164 gu·

245 4179 414 4255 bernium
448 4182 697 4255 massonicum
727 4181 878 4279 Angliae
909 4181 1070 4256 Galliam
1095 4180 1300 4256 stimulavit
1321 4184 1503 4261 adversus

245 4301 449 4388 Austriam,
473 4303 627 4401 ejusque
645 4321 938 4401 protectoratum
954 4329 1066 4400 super
1081 4304 1276 4399 peninsula
1298 4305 1434 4380 Italica.
1451 4353 1502 4365 —

247 4421 370 4499 Gallia
388 4422 504 4497 voluit
522 4450 614 4521 ergo
633 4444 672 4499 ut
692 4428 726 4498 in
747 4425 976 4500 conferentia
999 4426 1169 4499 Romana
1189 4427 1338 4502 adesset
1356 4428 1502 4526 legatus

248 4544 434 4644 anglicus;
460 4545 596 4619 deinde
632 4548 789 4632 Vienna,
820 4574 866 4621 ex
891 4574 958 4621 sua
988 4568 1103 4645 parte,
1133 4552 1353 4623 convocavit
1380 4570 1502 4646 prote·

247 4669 443 4745 stanticam
466 4668 678 4744 Borussiam
697 4690 734 4745 et
753 4669 1026 4745 schismaticam
1048 4670 1221 4744 Russiam
1238 4700 1245 4759 ;
1260 4697 1335 4769 quo
1362 4672 1500 4748 lactum
