3496 5482
650 526 773 621 cneus
797 569 983 620 runrruu.
1397 565 1446 643 59

188 751 273 800 cum
293 742 382 802 ante
400 727 694 826 quinquennium
713 745 778 804 tuo
796 728 932 803 throno
956 728 1159 814 adstantes,
1181 745 1269 802 vota
1287 753 1356 826 pro
1375 728 1444 816 Te,

186 854 264 942 pro
293 844 400 920 czirili
422 855 485 922 luo
514 848 750 946 Principum,
783 872 851 945 pro
865 846 1020 945 justitiae
1052 871 1094 921 ac
1113 844 1304 944 religionis
1334 872 1446 921 causa

196 961 318 1059 palam
338 967 645 1061 nuncupavimus.
667 966 812 1041 Cuncta
829 965 919 1051 haec,
940 991 1024 1062 quae
1055 983 1142 1038 tunc
1164 963 1444 1053 declaravimus,

191 1111 292 1160 nunc
320 1086 446 1162 denuo
464 1089 632 1187 piissimo
655 1089 780 1164 cordis
804 1114 917 1164 sensu
936 1085 1209 1172 confirmamus,
1236 1086 1349 1184 idque
1367 1086 1445 1160 uni·

188 1198 302 1279 verso
317 1206 398 1281 orbi
417 1225 594 1283 testatum
614 1234 698 1285 esse
718 1206 891 1282 volumus
910 1204 965 1306 (¹).
981 1206 999 1234 ”

240 1336 276 1398 8.
297 1333 319 1364 ‘⁴
335 1323 462 1420 Quaeri
475 1325 580 1413 solet,
597 1372 646 1383 —
665 1326 793 1402 scribit
820 1326 953 1399 doctus
977 1323 1158 1409 Palmieri,
1172 1364 1222 1375 -
1237 1323 1445 1421 cujusmodi

189 1440 237 1516 sit
264 1443 447 1518 certitudo
479 1443 574 1519 illius
607 1445 784 1532 veritatis,
815 1469 899 1541 quae
923 1460 1065 1517 asserta
1084 1459 1142 1516 est
1170 1439 1239 1515 hac
1257 1459 1378 1527 aetate,
1398 1442 1446 1516 de

190 1561 413 1637 necessitate
443 1562 676 1662 Principatus
707 1562 824 1637 civilis
856 1560 1016 1636 Romani
1036 1558 1255 1634 Pontificis?
1274 1559 1290 1587 ”
1320 1560 1447 1634 -Et

189 1679 415 1774 respondet:
435 1691 456 1720 “
478 1681 649 1756 Dicimus
674 1679 727 1780 1⁰)
741 1704 804 1771 Jus
820 1678 911 1780 (non
927 1678 1113 1777 loquimur
1127 1678 1174 1751 de
1179 1675 1301 1776 facto)
1316 1678 1447 1753 immu-

188 1794 319 1871 nitatis
337 1798 542 1894 personalis
557 1825 641 1876 esse
659 1800 855 1874 veritatem
874 1797 1054 1872 divinitus
1071 1794 1285 1870 revelatam.

244 1923 264 1953 ‘⁸
288 1913 405 1992 Unde
419 1918 586 2014 sequitur
605 1943 688 1992 eam
708 1943 792 1993 esse
800 1916 881 2016 fide
897 1915 1028 1990 droina
1046 1914 1281 1989 credendam.

241 2040 261 2072 “
283 2033 454 2110 Assertio
473 2054 597 2111 autem
618 2054 745 2111 nostra
762 2061 811 2110 ex
828 2035 996 2109 discursu
1023 2031 1237 2130 theologico
1256 2032 1423 2129 procedit
1439 2060 1446 2118 ;

190 2151 290 2228 unde
313 2152 484 2228 nolumus
503 2155 627 2230 dicere
645 2153 840 2229 haereticos
859 2178 943 2227 esse
962 2151 1024 2250 qui
1043 2176 1151 2226 secus
1170 2151 1344 2237 sentiant,
1366 2149 1444 2223 nul·

188 2267 298 2368 laque
317 2270 388 2347 alia
406 2298 563 2347 censura
581 2272 805 2349 sententiam
824 2271 1036 2368 oppositam
1056 2287 1241 2344 notamus.

241 2402 262 2432 “
283 2392 385 2470 Sane
411 2395 616 2471 revelatum
645 2393 733 2470 illud
753 2394 952 2470 dicendum
972 2392 1158 2490 estquod,
1179 2390 1322 2490 analysi
1342 2392 1443 2466 insti·
1537 2380 1540 2385 ’

189 2527 268 2587 tuta
297 2515 467 2592 veritatis
496 2515 681 2604 revelatae,
715 2542 787 2613 ope
819 2514 988 2613 principii
1020 2512 1324 2587 contradictionis
1342 2511 1378 2585 in
1398 2537 1443 2587 ea

187 2650 405 2709 contentum
437 2636 628 2733 reperitur.
659 2636 787 2733 Atqui,
820 2635 855 2708 in
887 2632 1046 2707 veritate
1081 2631 1276 2717 Primatus,
1305 2630 1444 2704 veritas

187 2774 338 2849 quoque
356 2754 569 2829 continetur
588 2753 832 2829 immunitatis
846 2770 883 2827 et
904 2749 1206 2848 independentiae
1219 2748 1319 2823 illum
1339 2773 1444 2824 exer·

187 2871 306 2946 centis
322 2873 371 2947 ab
390 2871 463 2947 ulta
476 2873 548 2948 alia
566 2891 752 2972 potestate
767 2903 775 2962 ;
790 2870 1117 2947 contradictorium
1137 2886 1195 2943 est
1213 2868 1312 2943 enim
1332 2893 1445 2965 posse

191 2990 646 3071 RomanumPontificem
666 2992 782 3093 ligare
810 2992 926 3067 etsie
956 2991 1099 3064 irritare
1117 3008 1221 3062 actus
1248 2987 1444 3084 potestatis

187 3107 338 3186 alterius
350 3113 581 3188 exercitosin
594 3114 762 3211 ipsumet
773 3113 895 3185 eidem
906 3108 1082 3208 potestati
1095 3104 1444 3205 subesse...Ergo.”

241 3226 297 3327 2⁰)
320 3230 424 3305 idem
440 3231 638 3306 dicendum
653 3232 701 3306 de
714 3229 786 3304 alia
803 3229 972 3315 veritate,
993 3227 1094 3325 quod
1114 3249 1250 3321 nempe
1271 3223 1444 3299 Pontifex

182 3347 246 3447 jus
274 3348 411 3426 habeat
433 3352 480 3426 ad
500 3352 622 3427 media
655 3350 864 3426 necessaria
894 3366 933 3423 ut
951 3346 1124 3422 libertate
1155 3370 1223 3420 sua
1251 3342 1362 3441 plena
1391 3343 1443 3417 uti

187 3469 316 3563 possit.

239 3594 259 3625 ‘⁴
281 3586 505 3664 Revelatum
525 3609 582 3667 est
597 3591 697 3666 enim
727 3592 938 3665 Romanum
970 3587 1189 3664 Pontificem
1212 3589 1276 3686 jus
1306 3586 1444 3663 habere

187 3703 233 3777 ad
249 3706 466 3782 exercitium
480 3708 736 3806 plenissimum
750 3735 827 3783 suae
840 3706 1082 3782 auctoritatis.
1099 3706 1260 3781 Perinde
1274 3722 1332 3779 est
1342 3705 1442 3780 enim

186 3821 355 3899 conferre
384 3826 643 3902 auctoritatem
669 3847 706 3901 et
735 3826 905 3901 conferre
924 3825 994 3899 hoc
1010 3825 1083 3923 jus.
1102 3864 1152 3876 -
1171 3823 1288 3921 Atqui
1308 3822 1443 3898 collato

181 3938 267 4038 jure
285 3942 333 4016 ad
351 3941 474 4032 finem,
495 3943 565 4019 hoc
585 3946 667 4042 ipso
686 3945 874 4019 confertur
888 3944 946 4040 jus
960 3944 1006 4016 ad
1023 3942 1145 4016 media
1167 3941 1385 4027 necessaria,
1403 3957 1442 4015 ut

186 4059 249 4158 qui
268 4059 428 4139 affirmat
441 4063 504 4163 jus
523 4091 607 4138 esse
633 4065 680 4139 ad
708 4064 830 4148 finem,
853 4062 923 4136 hoc
942 4062 1023 4158 ipso
1042 4058 1201 4135 affirmet
1216 4060 1278 4158 jus
1292 4085 1377 4135 esse
1394 4059 1442 4133 ad

187 4177 310 4254 media
341 4183 560 4257 necessaria.
587 4184 693 4282 Ergo
713 4183 782 4256 hoc
801 4205 952 4279 quoque
980 4179 1202 4254 affirmatum
1227 4197 1285 4253 est
1305 4203 1326 4252 a
1343 4178 1440 4264 Deo,

185 4319 251 4370 seu
271 4297 490 4378 revelatum.

240 4415 465 4512 “Quaenam
484 4437 608 4494 autem
623 4420 698 4495 sint
716 4417 932 4519 hujusmodi
959 4415 1090 4502 media,
1116 4440 1200 4513 quae
1223 4414 1443 4513 plerumque

186 4556 233 4604 ex
253 4531 411 4609 diversis
429 4537 615 4635 adjunctis
633 4555 670 4611 et
685 4534 962 4612 conditionibus
990 4534 1216 4631 dependent,
1240 4533 1275 4607 in
1301 4534 1437 4631 quibus

460 4680 520 4685 —-
595 4678 830 4686 ..—.-.---.---
1045 4674 1437 4685 ...αα-..ι-...ι---ι-ι--σ-ρ-

226 4741 247 4783 r.
268 4727 338 4783 con.
354 4728 429 4800 Lao,
440 4740 459 4785 t.
476 4730 532 4801 ΙΙΙ,
545 4731 599 4785 col.
616 4746 691 4802 1033,
708 4745 782 4802 ¹034
