3496 5482
798 444 962 455 m*-
971 450 987 454 ,Α

620 513 741 562 CAPUT
769 512 920 561 NONUM.
1332 515 1402 587 205

151 452 553 465 -κ-,ῳυ--Ν-...Ν

197 681 257 752 En
276 677 466 776 quomodo
496 672 669 770 spoliatio
700 671 855 768 legitimi
878 671 1045 744 Dominii
1066 674 1103 746 S.
1127 674 1238 748 Sedis
1256 675 1405 773 signum

144 798 206 871 fiet
225 812 357 893 postea
376 791 577 867 invadendi
598 789 845 886 proprietates
865 788 1029 884 privatas
1044 808 1081 864 et
1088 789 1174 887 jura
1188 793 1325 865 civium
1347 818 1354 865 :

198 926 217 954 “
240 912 441 988 Libertatis
461 929 498 986 et
525 908 748 1007 aequalitatis
774 907 986 982 nominibus
1015 910 1223 998 abutentes,
1250 912 1406 986 exitiosa

145 1032 404 1108 communismi
417 1051 454 1105 et
466 1024 664 1103 socialismi
678 1042 889 1099 commenta
903 1025 939 1098 in
954 1025 1090 1125 vulgus
1103 1029 1406 1103 insinuant.Con—

146 1172 218 1229 stat
236 1171 371 1236 autem,
394 1150 482 1248 ipsis
511 1174 577 1222 seu
606 1146 876 1232 communismi,
893 1172 959 1220 seu
987 1148 1186 1221 socialismi
1207 1149 1404 1247 magistris
1430 1220 1431 1225 ,

146 1274 294 1348 diversa
312 1271 397 1345 licet
416 1270 487 1355 via,
510 1295 552 1342 ac
582 1266 761 1341 methodo
786 1267 996 1365 agentibus,
1019 1267 1118 1341 illud
1137 1269 1287 1344 demum
1307 1295 1406 1343 com·

147 1417 258 1466 mune
287 1412 372 1464 esse
403 1387 646 1485 propositum,
679 1402 720 1458 ut
741 1385 932 1482 operarios
963 1402 1077 1482 atque
1108 1386 1200 1460 alios
1223 1387 1406 1461 inferioris

146 1508 352 1608 praesertim
373 1523 492 1580 status
511 1503 682 1577 homines
711 1502 787 1577 suis
815 1500 967 1576 fallaciis
997 1505 1223 1600 deceptos...
1245 1507 1291 1579 ad
1316 1499 1406 1604 ⁸gra-

147 1630 251 1702 viora
279 1626 454 1724 paulatim
496 1622 660 1697 lacinora
692 1638 902 1707 exerceant,
929 1640 969 1695 ut
997 1625 1235 1719 postmodum
1264 1623 1407 1697 illorum
1496 1721 1498 1727 ἲ

146 1774 259 1846 opera
281 1746 331 1819 uti
352 1744 496 1842 possint
521 1742 616 1815 ad...
639 1740 867 1837 expilandaS,
888 1741 1128 1838 diripiendas,
1151 1742 1210 1823 vel
1230 1744 1407 1818 invaden-

146 1867 212 1939 das
247 1862 428 1937 Ecclesiae
460 1861 630 1956 primum,
653 1884 695 1933 ac
727 1859 864 1933 deinde
896 1858 1053 1933 aliorum
1085 1886 1407 1958 quorumcumque

147 1983 404 2080 proprietates,
426 1979 472 2053 ad
492 1978 618 2051 omnia
638 1977 789 2050 tandem
817 1977 991 2051 violanda
1018 1979 1146 2052 divina
1172 1979 1409 2076 humanaque

141 2106 236 2200 jura,
254 2101 289 2172 in
311 2097 428 2172 divini
448 2091 568 2170 cultus
595 2094 886 2169 destructionem
919 2113 1032 2192 atque
1061 2098 1096 2169 in
1125 2098 1408 2172 subversionem

147 2219 260 2294 totius
278 2217 418 2290 ordinis
437 2213 598 2287 civilium
618 2212 857 2286 societatum.
877 2213 894 2238 ’'

199 2337 250 2409 Et
267 2334 374 2409 aliam
406 2332 502 2406 nacti
519 2331 750 2406 occasionem
767 2331 853 2404 novi
870 2333 1088 2406 ,concordati
1111 2360 1194 2407 cum
1226 2336 1412 2433 Hispania

148 2453 294 2526 duobus
312 2453 418 2525 annis
432 2469 517 2548 post
544 2448 785 2523 rebellionem
806 2450 909 2541 1848,
924 2442 1034 2546 ⁸Papa
1055 2450 1213 2525 iteratim
1232 2454 1411 2529 admonet

148 2588 186 2643 et
213 2570 369 2667 cogitur,
384 2554 436 2641 ut*
452 2567 594 2663 inquit:
624 2565 798 2639 “dellere
824 2565 992 2662 plurima,
1018 2568 1266 2667 omnibusque
1295 2571 1408 2644 notis·

149 2687 243 2759 sima
263 2687 358 2759 mala
377 2705 414 2759 ct
446 2685 583 2758 damna
611 2685 647 2758 in
667 2682 814 2757 civilem
847 2684 964 2780 ipsam
995 2685 1212 2760 societatem
1240 2688 1409 2767 derivata

149 2832 196 2878 ex
226 2806 362 2904 injusta
392 2830 556 2900 prorsus,
574 2822 616 2879 et
635 2800 816 2903 sacrilega
846 2803 1178 2880 ecclesiasticarum
1198 2834 1332 2895 rerum,
1366 2835 1409 2882 ac

150 2924 332 2997 bonorum
361 2924 592 3021 spoliatione,
624 2941 661 2997 et
693 2922 912 3018 direptione,
944 2949 1027 3020 quae
1057 2925 1103 2997 ad
1134 2926 1409 3001 funestissimos
1493 2973 1494 2977 =

35 3059 39 3067 '
149 3068 319 3140 quosque
337 3068 378 3116 ac
398 3041 732 3139 perniciosissimos
748 3040 957 3127 socialismi,
978 3059 1016 3115 et
1034 3045 1294 3119 communismi
1310 3069 1411 3117 erro·

151 3186 210 3234 res
230 3160 411 3234 fovendos
428 3184 564 3258 magna
583 3185 629 3232 ex
649 3175 754 3255 parte
774 3159 872 3231 viam
895 3158 1052 3232 munivit
1071 3159 1125 3261 (¹).
1141 3162 1159 3189 ¹³

203 3280 317 3351 Anno
349 3281 453 3372 1855,
475 3275 670 3350 occasione
697 3275 936 3350 extinctionis
950 3276 1222 3377 ¹beneficiorum
1242 3306 1310 3378 pro
1330 3279 1411 3354 reli·

151 3400 267 3496 giosis
292 3397 438 3471 familiis
461 3415 498 3470 et
529 3396 735 3495 collegiatis
764 3394 929 3470 ecclesiis
949 3397 1172 3495 agubemio
1205 3400 1413 3497 Subalpino

154 3535 322 3613 peractae,
344 3535 453 3589 vocat
485 3515 555 3589 hoc
585 3515 844 3612 propositum:
875 3514 980 3610 “ipsi
1010 3516 1177 3602 naturali,
1206 3517 1345 3596 divino,
1376 3538 1413 3592 et

153 3633 278 3707 sociali
296 3635 371 3733 juri
399 3634 552 3708 omnino
580 3634 803 3732 repugnans,
826 3651 864 3706 et
895 3632 1068 3707 humanae
1100 3636 1289 3711 societatis
1314 3637 1414 3709 bono

154 3751 213 3825 vel
243 3753 404 3826 maxime
423 3752 632 3836 adversum,
653 3769 696 3824 'ac
724 3750 1050 3847 perniciosissimis
1076 3752 1414 3849 funestissimisque

154 3867 351 3942 socialismi
367 3887 403 3943 et
423 3869 681 3942 communismi
701 3868 890 3942 erroribus
909 3868 1021 3964 plane
1040 3869 1171 3943 favens
1187 3869 1241 3971 (²).
1259 3871 1275 3897 ”

206 4004 238 4063 7.
261 3989 311 4064 Et
331 3989 455 4064 denuo
474 3989 543 4064 sub
563 3989 693 4063 iterata
714 3989 908 4062 invasione
930 3988 1162 4075 Statuum,et
1188 3990 1413 4086 spoliatione

157 4109 334 4182 continuo
375 4109 551 4182 audacius
587 4124 747 4204 peracta,
801 4107 973 4181 Pontifex
1011 4107 1119 4182 iterat
1148 4107 1329 4183 clamores
1368 4108 1416 4182 ad

159 4227 316 4325 populos
345 4228 603 4324 principesque
631 4227 866 4301 christianos.
899 4227 1155 4323 “Opportuna
1174 4228 1281 4303 nobis
1301 4228 1418 4302 oritur

133 4331 136 4337 ¹
159 4347 305 4419 occasio
323 4346 509 4420 excitandi
536 4370 667 4420 omnes
696 4345 860 4441 Europae
883 4345 1084 4441 Principes,
1106 4363 1144 4419 ut
1163 4372 1231 4443 pro
1250 4365 1419 4444 spectata

200 4603 221 4641 1.
243 4590 331 4643 Alloc.
343 4591 383 4644 Pii
403 4592 445 4643 IX
458 4592 486 4645 in
500 4589 615 4656 consist‚
633 4607 711 4655 secr,
727 4604 740 4659 5
762 4591 840 4660 Sept.
865 4591 941 4657 1851.
958 4618 991 4626 -
1006 4589 1061 4643 etr.
1077 4591 1224 4658 Constant,
1241 4608 1266 4660 p.
1282 4605 1341 4658 332.

199 4684 222 4720 2.
237 4670 325 4722 Alloc.
341 4670 368 4723 in
382 4671 509 4736 consist.‚
525 4686 557 4722 22
568 4671 632 4738 Jan.
648 4672 722 4740 1855.
903 4683 905 4690 ’
