3496 5482
255 555 327 644 306
661 573 753 622 enen
781 572 840 622 s1r
868 572 943 621 nux
973 572 1099 623 noun.

253 737 354 811 nium
374 735 596 835 populorum
616 736 807 810 doctorem
829 752 868 810 et
888 753 1032 832 patrem
1052 734 1215 809 societas
1239 750 1368 807 nostra
1388 733 1501 808 adeat

251 853 443 952 ipsiusque
469 853 613 951 judicio
650 852 927 928 controversias
962 852 1193 928 dirimendas
1225 851 1408 949 subjiciat,
1444 869 1510 927 aut

251 971 347 1048 illius
365 970 500 1047 saltem
519 972 675 1047 consilia
693 989 883 1070 exposcat.

296 1093 438 1190 'ltaque
456 1089 504 1165 ad
531 1089 705 1165 vitandos
725 1090 793 1165 hos
811 1089 1004 1165 conflictus
1024 1088 1120 1164 inter
1141 1108 1304 1164 armatas
1324 1088 1506 1177 nationes

254 1212 356 1309 Papa
373 1211 422 1283 sit
439 1209 578 1283 arbiter
595 1207 814 1283 universalis
832 1235 840 1296 ;
859 1207 925 1282 sed
944 1207 1042 1282 hunc
1063 1209 1098 1281 in
1118 1208 1231 1282 finem
1251 1207 1352 1304 prius
1365 1206 1414 1280 sit
1426 1206 1508 1303 ipse

253 1331 337 1406 Rex
356 1330 623 1426 independens.
656 1327 809 1401 Etenim
827 1352 940 1425 quam
968 1325 1144 1422 praeclara
1172 1325 1260 1399 unio
1279 1324 1358 1399 fieri
1377 1343 1506 1423 posset

251 1448 347 1524 inter
365 1442 546 1535 nationes,
560 1447 607 1521 ad
627 1463 722 1520 tetra
744 1443 841 1520 bella
867 1445 1114 1543 praecavenda
1132 1445 1162 1519 si
1193 1443 1332 1520 vellent
1350 1443 1506 1517 arbitra·

250 1584 328 1641 tum
347 1592 504 1641 summae
531 1563 714 1663 religiosae
741 1589 784 1637 ac
817 1563 964 1637 moralis
995 1563 1226 1639 auctoritatis
1258 1565 1295 1637 in
1325 1559 1506 1635 Pontifice

252 1685 359 1784 Rege
378 1709 583 1784 agnoscere
598 1683 605 1756 l

255 1844 265 1852 ··
301 1803 413 1877 Nunc
436 1820 561 1877 autem
589 1822 629 1878 ut
647 1804 750 1902 luget
769 1804 849 1901 ipse
871 1804 971 1901 Papa
993 1816 1013 1844 ‘⁸
1033 1802 1169 1879 multos
1188 1803 1260 1877 iam
1283 1825 1403 1877 annos
1421 1798 1505 1898 plus

245 1922 371 2020 specie
390 1920 426 1994 in
441 1946 533 2017 pace
545 1920 681 1995 vivitur
694 1948 805 2020 quam
825 1948 874 1997 re.

254 2082 263 2088 —
298 2049 319 2080 ⁸‘
340 2039 594 2113 insidentibus
611 2041 884 2136 suspicionibus
907 2039 1055 2127 mutuis
1076 2039 1246 2138 singulae
1271 2040 1348 2116 lere
1366 2059 1502 2140 gentes

246 2175 407 2257 pergunt
425 2157 594 2232 certatim
608 2158 789 2233 instruere
807 2184 892 2233 sese
903 2176 1083 2257 apparatu
1103 2156 1246 2231 bellico.
1432 2157 1435 2163 ’

297 2285 319 2314 “
337 2275 553 2372 lmprovida
566 2276 857 2351 adolescentium
876 2298 979 2351 aetas
991 2274 1117 2374 procul
1136 2293 1331 2371 parentum
1346 2275 1501 2350 consilio

245 2389 535 2492 magisterioque
563 2395 600 2468 in
619 2395 782 2492 pericula
807 2395 965 2469 truditur
982 2395 1082 2468 vitae
1102 2391 1290 2482 militaris;
1317 2390 1500 2468 validissi-

244 2537 306 2586 ma
322 2513 441 2610 pubes
460 2513 507 2586 ab
521 2537 695 2611 agrorum
710 2511 896 2600 cultura,a
913 2512 1046 2586 studiis
1059 2512 1219 2609 optimis,
1234 2536 1256 2588 a
1272 2511 1499 2597 mercaturis,

243 2629 292 2705 ab
309 2629 474 2704 artificiis
492 2630 540 2704 ad
558 2655 661 2704 arma
680 2631 892 2705 traducitur.

295 2759 317 2790 ‘⁴
335 2748 437 2822 Hinc
455 2747 638 2823 exhausta
657 2749 803 2847 magnis
828 2747 1038 2844 sumptibus
1063 2747 1215 2834 aeraria,
1235 2745 1384 2822 attritae
1409 2746 1500 2820 civi·

243 2884 361 2943 tatum
390 2892 492 2964 opes
520 2867 657 2941 afflicta
688 2867 836 2941 sortuna
861 2867 1116 2964 privatorum
1145 2865 1294 2962 iamque
1324 2889 1380 2952 ea,
1401 2890 1499 2962 quae

244 3011 341 3059 nunc
359 3003 426 3072 est,
449 2984 562 3059 veluti
580 2986 769 3082 procincta
781 3012 854 3083 pax
872 2985 1011 3058 diutius
1030 2984 1114 3059 lerri
1134 3009 1209 3057 non
1224 3002 1365 3080 potest.

295 3103 461 3176 “Civilis
480 3105 671 3177 hominum
689 3102 960 3178 coniunctionis
979 3102 1146 3177 solemne
1164 3127 1248 3176 esse
1268 3119 1401 3176 natura
1424 3121 1499 3176 sta·

243 3237 320 3295 tum
340 3219 384 3321 (¹)
399 3222 414 3296 ?
429 3223 447 3251 '’

295 3339 346 3412 Et
360 3358 400 3413 ut
417 3339 504 3414 alibi
522 3340 616 3414 dixit
635 3339 794 3414 debello
813 3359 939 3416 nostra
950 3360 1081 3415 aetate:
1098 3351 1117 3380 ‘¹
1135 3341 1289 3435 Quanto
1306 3337 1497 3414 calamito-

242 3454 318 3528 sius
336 3454 448 3530 hodie
467 3457 628 3532 sutorum
642 3461 679 3534 in
693 3479 796 3535 tanta
809 3462 999 3559 copiarum
1014 3459 1281 3558 magnitudine,
1297 3476 1372 3531 tam
1385 3455 1497 3556 longe

241 3592 419 3668 provecta
437 3575 488 3649 rei
511 3575 678 3652 militaris
696 3578 861 3666 scientia,
883 3598 959 3652 tam
979 3577 1171 3676 multiplici
1198 3577 1246 3650 ad
1276 3575 1497 3649 internecio·

242 3716 327 3766 nem
346 3692 594 3770 instrumento
609 3695 624 3769 ?
637 3695 654 3722 ”

293 3811 346 3884 Et
369 3811 473 3886 addit
496 3814 605 3888 Pater
623 3814 762 3891 Orbis:
796 3815 939 3913 “Quae
958 3818 1104 3915 quoties
1132 3812 1354 3912 cogitamus,
1376 3810 1497 3910 magis

241 3951 283 4000 ac
302 3930 421 4027 magis
434 3932 586 4006 caritate
600 3935 837 4009 accendimur
849 3937 1018 4035 gentium
1033 3932 1332 4015 christianarum,
1351 3951 1498 4002 earum·

240 4070 314 4141 que
333 4071 465 4122 caussa
483 4074 558 4124 non
577 4077 775 4148 possumus
795 4081 868 4129 non
890 4080 1074 4152 suspenso
1087 4053 1213 4128 animo
1233 4050 1497 4147 impendentes

241 4162 457 4242 formidines
476 4170 750 4266 pertimescere.

291 4283 431 4359 “Nihil
455 4307 512 4361 est
531 4289 643 4387 igitur
662 4292 764 4379 tanti,
785 4293 914 4391 quanti
942 4294 990 4367 ab
1012 4294 1164 4392 Europa
1183 4285 1391 4388 periculum
1411 4285 1497 4360 belli

239 4400 449 4496 prohiberi:
468 4405 519 4479 ita
536 4408 688 4505 quidem
709 4429 758 4497 ut,
784 4412 965 4511 quidquid
984 4414 1020 4487 in
1040 4414 1135 4488 hanc
1158 4431 1329 4484 caussam
1351 4403 1497 4478 conser-

240 4535 298 4589 tur
309 4542 457 4614 operae,
478 4523 514 4595 in
532 4523 690 4599 salutem
710 4526 895 4622 publicam
913 4529 1071 4604 conlerri
1090 4526 1336 4603 iudicandum
1355 4520 1416 4596 sit.

278 4726 299 4765 r.
316 4714 430 4786 Encycl.
439 4721 603 4792 Praeclara,
613 4726 719 4793 aoJun.
732 4725 807 4791 1894·
