3496 5482
639 598 762 649 canuc
789 598 972 649 rnnrruu.
1389 603 1437 672 49

184 743 436 834 Providentiae
465 759 619 835 consilio
649 760 785 834 lactum
806 779 982 842 estut...
1008 761 1180 840 Romana
1197 789 1349 862 quoque
1366 765 1437 839 Ec·

174 874 293 952 clesia
317 876 561 976 temporalem
597 879 890 955 dominationem
928 879 1093 968 haberet,
1131 908 1206 980 quo
1242 883 1437 958 Romanus

183 994 367 1083 Pontifex,
398 1022 566 1071 summus
599 998 712 1072 totius
747 998 927 1074 Ecclesiae
969 1000 1110 1087 Pastor,
1147 1000 1236 1076 nulli
1276 1001 1436 1100 Principi

179 1113 380 1211 subjectus,
414 1142 626 1214 supremam
663 1116 826 1190 universi
871 1117 1047 1192 dominici
1083 1118 1210 1217 gregis
1256 1121 1435 1217 pascendi

179 1233 410 1332 regendique
444 1252 671 1333 potestatem
710 1236 1044 1334 auctoritatemque
1081 1236 1128 1310 ab
1160 1237 1242 1334 ipso
1282 1239 1435 1313 Christo

182 1349 349 1427 Domino
367 1372 570 1450 acceptam,
592 1379 659 1451 per
688 1353 903 1428 universum
929 1355 1058 1428 orbem
1091 1352 1309 1452 plenissima
1327 1355 1434 1431 liber·

179 1486 256 1543 tate
274 1495 461 1560 exercere,
482 1497 525 1545 ac
540 1470 648 1545 simul
665 1470 806 1546 facilius
822 1471 988 1546 divinam
1017 1472 1236 1572 religionem
1257 1475 1378 1574 magis
1398 1475 1434 1549 in

179 1590 259 1682 dies
277 1617 427 1693 augere,
448 1610 496 1681 et,
517 1618 601 1690 quae
628 1619 696 1691 pro
726 1619 765 1667 re
793 1620 836 1668 ac
857 1612 1025 1691 tempore
1050 1594 1096 1668 ad
1118 1595 1297 1694 majorem
1321 1595 1435 1670 totius

179 1710 389 1787 christianae
408 1712 621 1810 reipublicae
641 1712 837 1788 utilitatem
857 1713 1046 1811 pertinere
1070 1714 1150 1811 ipse
1177 1733 1432 1813 cognosceret,

179 1827 365 1904 efficacius
384 1857 565 1931 peragere
584 1849 712 1929 posset
727 1829 782 1931 (¹).
806 1832 823 1859 ”

232 1958 253 1986 “
268 1949 532 2024 Necessarium
546 1975 631 2025 esse
649 1948 771 2046 palam
783 1949 963 2023 edicimus
977 1949 1127 2023 Sanctae
1140 1949 1223 2024 huic
1239 1949 1330 2024 Sedi
1342 1950 1430 2027 civi·

179 2063 251 2139 lem
274 2066 535 2164 Principatum,
553 2067 640 2141 utin
657 2067 796 2142 bonum
815 2066 1021 2165 Religionis
1033 2092 1177 2141 sacram
1192 2084 1430 2164 potestatem,

179 2186 259 2261 sine
279 2185 352 2262 ullo
371 2188 639 2286 impedimento
657 2213 832 2263 exercere
851 2185 968 2284 possit
987 2184 1042 2286 (²).
1063 2185 1081 2214 '’

233 2303 267 2379 C
263 2304 285 2403 )
304 2306 504 2404 Episcopis
535 2314 603 2401 265
634 2331 758 2379 coram
787 2331 829 2380 se
856 2304 1095 2404 congregatis
1122 2321 1159 2379 et
1183 2305 1289 2402 quasi
1314 2321 1434 2379 totum

184 2421 451 2520 Episcopatum
496 2422 717 2499 catholicum
758 2449 824 2498 seu
866 2441 982 2496 totam
1017 2421 1224 2497 Ecclesiam
1253 2422 1432 2498 docentem

180 2545 543 2638 repraesentantibus,
565 2541 843 2642 congratulatus
862 2561 919 2616 est
938 2541 1156 2617 immortalis
1190 2543 1277 2616 Pius
1300 2543 1358 2617 lX
1386 2544 1435 2619 de

179 2659 259 2736 zelo
277 2680 315 2737 et
332 2662 381 2738 de
398 2662 566 2736 doctrina
585 2688 724 2748 eorum,
747 2659 861 2735 relate
892 2660 940 2734 ad
968 2660 1229 2735 necessitatem
1250 2679 1435 2758 tempora·
1463 2669 1465 2674 '

117 2845 119 2848 ,
178 2778 222 2854 lis
253 2780 484 2879 Principatus
516 2780 554 2854 S.
590 2780 712 2865 Sedis,
752 2796 789 2854 et
824 2778 976 2876 quidem
1010 2777 1112 2853 hisce
1149 2776 1256 2851 claris
1286 2779 1435 2854 verbis:

182 2907 201 2936 “
224 2898 327 2972 Nihil
348 2899 505 2974 dicimus
529 2898 577 2972 de
597 2898 710 2994 impia
742 2896 1018 2992 conspiratione
1045 2914 1082 2971 et
1105 2896 1229 2992 pravis
1254 2897 1434 2995 cujusque

117 3109 127 3117 ,
178 3016 327 3114 generis
355 3015 607 3091 molitionibus
635 3041 677 3089 ac
698 3013 858 3100 fallaciis,
880 3013 1015 3111 quibus
1034 3013 1181 3088 civilem
1201 3013 1311 3114 hujus
1331 3015 1432 3112 Apo·

178 3132 318 3208 stolicae
350 3134 475 3209 Sedis
495 3133 745 3230 Principatum
778 3132 945 3204 omnino*
965 3149 1136 3205 evertere
1171 3150 1209 3206 et
1241 3132 1434 3208 destruere

179 3249 319 3328 volunt.
339 3251 453 3349 Juvat
472 3252 595 3351 potius
610 3251 679 3325 hac
697 3251 745 3325 de
765 3276 804 3324 re
822 3275 1116 3326 commemorare
1136 3252 1265 3324 miram
1281 3277 1433 3349 prorsus

177 3371 578 3467 consensionemque
606 3395 675 3443 vos
704 3369 784 3467 ipsi,
817 3393 890 3441 una
926 3394 1009 3441 cum
1049 3368 1130 3442 aliis
1159 3370 1434 3444 venerabilibus

142 3533 144 3536 -
180 3488 373 3563 Fratribus
409 3488 572 3565 universi
609 3486 780 3561 catholici
828 3485 928 3561 orbis
965 3511 1153 3561 sacrorum
1174 3487 1429 3573 Antistitibus,

178 3633 380 3708 numquam
400 3609 649 3685 intermisistis
663 3626 700 3683 et
720 3606 888 3706 epistolis
899 3608 946 3680 ad
965 3607 1000 3680 N
1006 3634 1048 3682 os
1067 3607 1174 3695 datis,
1189 3626 1226 3682 et
1241 3607 1433 3704 pastorali·

178 3726 248 3801 bus
266 3725 396 3803 litteris
423 3728 470 3802 ad
499 3728 627 3804 fideles
646 3728 804 3825 scriptis,
826 3726 1041 3824 hujusmodi
1062 3725 1224 3800 fallacias
1243 3726 1431 3824 detegere,

178 3845 348 3933 refutare,
369 3871 411 3920 ac
440 3845 548 3920 simul
567 3846 712 3930 docere,
734 3845 831 3918 hunc
864 3842 1011 3918 civilem
1032 3843 1180 3918 Sanctae.
1200 3844 1311 3919 Sedis
1332 3844 1434 3918 Prin·

95 3988 98 3992 “
177 3963 340 4060 cipatum
362 3946 534 4039 Romano
556 3963 726 4038 Pontifici
741 3963 855 4036 luisse
874 3961 1052 4060 singulari
1071 3962 1208 4035 divinae
1230 3962 1434 4038 Providen-

178 4082 239 4156 tiae
256 4082 412 4159 consilio
429 4084 569 4170 datum,
591 4083 768 4181 illumque
787 4083 1036 4159 necessarium
1056 4108 1140 4156 esse
1160 4082 1212 4182 (³).
1233 4083 1252 4110 ''

228 4203 292 4302 D)
311 4205 363 4279 Et
392 4206 472 4303 jam
500 4223 618 4291 antea,
642 4204 843 4303 Encyclica
870 4230 936 4277 sua
966 4204 1038 4278 diei
1072 4229 1114 4296 19
1141 4203 1306 4301 januarii
1327 4207 1431 4291 1860,

182 4322 267 4397 Pius
291 4324 348 4399 IX
379 4325 580 4423 Episcopis
606 4343 644 4399 et
664 4323 855 4399 catholicis
877 4322 1049 4399 fidelibus
1078 4325 1128 4398 ita
1152 4324 1433 4423 congratulatus

178 4459 279 4516 erat:
300 4452 321 4481 ‘⁶
340 4443 467 4541 Ipsum
491 4443 743 4540 Principatum
762 4441 909 4516 civilem
928 4444 1110 4517 Romanae
1139 4441 1319 4517 Ecclesiae
1347 4468 1433 4517 con·

216 4598 238 4646 ι’,
253 4592 305 4649 Lit.
318 4604 418 4664 apost,
433 4597 467 4649 26
482 4597 565 4648 Mart.
585 4595 658 4648 1860.
672 4626 707 4635 -
723 4598 794 4649 Item
806 4596 894 4648 Alloc.
910 4610 944 4649 20
956 4595 1031 4664 Junii
1049 4595 1123 4664 1859.

215 4685 239 4726 2.
254 4673 369 4744 Encycl.
388 4675 507 4743 18Junii
525 4677 599 4742 ¹859.
1117 4697 1120 4701 ·

214 4765 238 4818 3.
252 4753 340 4806 Alloc.
354 4767 372 4820 9
384 4754 459 4823 Ju'nii
474 4753 548 4807 1862.

231 4870 291 4922 Papa
302 4871 331 4914 sit
344 4884 381 4913 rex
396 4873 477 4914 Rome„
