3496 5482
324 501 849 516 mnu-nom·-
876 504 880 507 ·
891 502 1129 509 --—--—-..-..-.

322 571 394 639 114
729 564 821 614 PAPA
847 563 907 614 SIT
935 563 1009 612 REX
1038 563 1165 615 ROMAE.

369 739 402 800 7.
426 725 541 821 Quod
569 723 688 823 magis
707 723 843 797 serium
863 739 921 796 est
939 741 1026 795 sunt
1046 723 1127 820 ejus
1146 747 1351 821 permagna
1368 723 1518 799 diffusio
1538 743 1575 799 et

324 845 430 921 firma
443 841 669 929 constitutio,
686 859 728 916 ut
741 840 877 915 latetur
896 839 975 936 ipse
992 839 1072 913 Leo
1091 839 1173 913 XII
1183 839 1210 914 1.

373 965 435 1038 De
448 962 596 1061 legione
628 960 696 1034 hac
728 957 897 1034 infernali
929 957 1076 1055 scripsit
1105 984 1205 1032 anno
1237 962 1334 1051 1890
1363 960 1576 1057 Episcopus

322 1083 428 1161 Fava
445 1108 454 1153 ι
474 1090 494 1121 “
508 1079 580 1154 Ses
604 1085 763 1172 136,ooo
790 1076 908 1176 loges,
936 1117 986 1129 -
1009 1101 1069 1150 ses
1095 1100 1113 1150 2
1121 1079 1204 1170 5,87
1211 1100 1323 1170 3‚ooo
1345 1103 1508 1175 macons,
1529 1122 1579 1135 -

320 1225 381 1273 ses
402 1201 600 1292 2‚850‚ooo
618 1221 738 1269 soeurs
758 1195 979 1291 maconnes!
999 1192 1017 1220 '’

374 1317 434 1390 De
457 1315 493 1389 vi
513 1331 637 1388 autem
656 1314 737 1412 ejus
753 1340 760 1386 :
775 1322 795 1351 “
811 1312 891 1387 Son
910 1312 1053 1412 budget
1068 1312 1203 1388 annuel
1223 1314 1270 1389 de
1295 1337 1314 1407 3
1336 1313 1512 1388 milliards
1530 1313 1579 1387 de

321 1438 442 1511 francs
462 1432 519 1534 (¹).
538 1434 554 1462 ’'
581 1434 631 1508 Et
652 1452 792 1509 certum
826 1452 884 1508 est
915 1434 1117 1509 Massones
1148 1455 1398 1532 praepotentes
1421 1460 1516 1510 ⁴esse
1541 1435 1577 1507 in

319 1555 443 1653 praelo,
459 1552 751 1639 inexercitibus‚
767 1553 803 1625 in
825 1551 1082 1639 tribunalibus,
1105 1554 1140 1626 in
1158 1553 1519 1639 universitatibusin
1539 1577 1578 1626 re

321 1671 479 1770 politica.
497 1669 637 1744 Merito
656 1696 769 1744 ausus
787 1687 845 1744 est
864 1668 1068 1767 prolificam
1086 1688 1125 1744 et
1144 1689 1338 1768 potentem
1367 1688 1506 1745 sectam
1528 1671 1579 1744 ita

321 1789 549 1888 exprobrare
566 1788 742 1862 sacerdos
760 1789 961 1885 deputatus
995 1788 1145 1862 Lemire
1178 1789 1215 1862 in
1241 1789 1402 1864 comitiis
1420 1787 1579 1887 publicis

323 1906 480 1989 Galliae:
502 1917 521 1946 “
537 1907 646 1981 Avec
666 1924 773 1979 votre
792 1904 957 1979 maniere
989 1905 1037 1980 de
1065 1931 1280 2004 gouverner
1299 1932 1394 1980 vous
1412 1906 1504 1981 allez
1524 1906 1579 1979 re·

322 2027 427 2101 duire
457 2045 542 2100 tous
560 2023 614 2098 les
641 2024 810 2122 citoyens
829 2023 988 2121 irancais
1016 2029 1039 2098 ὲ
1067 2043 1194 2099 entrer
1222 2025 1317 2099 daus
1347 2050 1419 2099 une
1440 2024 1578 2098 Franc-

323 2143 558 2243 maconnerie
570 2141 814 2241 quelconque,
828 2143 998 2242 puisqu'il
1012 2145 1071 2241 n’y
1083 2171 1105 2218 a
1118 2144 1199 2242 plus
1212 2171 1285 2242 que
1304 2164 1401 2220 cette
1414 2142 1579 2218 maniere

322 2263 438 2337 d'etre
457 2261 520 2360 qui
539 2262 611 2335 soit
625 2260 765 2336 toldrde
779 2252 826 2335 en
841 2261 986 2337 France
1002 2259 1085 2361 (²).''

373 2395 407 2455 8.
438 2381 500 2454 De
522 2379 601 2453 istis
620 2404 711 2478 ergo
737 2379 995 2453 infensissimis
1026 2381 1288 2454 christianismi
1320 2398 1358 2455 et
1390 2379 1579 2455 societatis

323 2499 440 2575 civilis
475 2498 655 2586 hostibus,
693 2499 743 2572 ita
778 2499 901 2598 pergit
933 2497 1033 2597 loqui
1069 2499 1324 2574 sanctissimus
1363 2499 1578 2574 Dominus:

325 2628 346 2686 ‘J
364 2615 468 2693 Nihil
487 2616 587 2691 enim
607 2618 679 2691 iam
698 2616 977 2691 dissimulantes
996 2618 1150 2691 consilia
1164 2644 1231 2691 sua
1243 2616 1298 2719 (³),
1314 2619 1478 2692 excitant
1496 2642 1580 2691 sese

327 2748 349 2777 ‘⁴
367 2736 547 2810 adversus
568 2735 642 2809 Dei
661 2762 798 2809 numen
826 2736 1098 2810 audacissime:
1121 2736 1314 2812 Ecclesiae
1329 2756 1480 2811 sanctae
1498 2760 1580 2833 per-

328 2868 347 2896 “
369 2857 501 2931 niciem
520 2853 642 2952 palam
661 2874 864 2954 aperteque
883 2856 1093 2942 moliuntur,
1115 2856 1228 2955 idque
1246 2882 1292 2931 eo
1311 2856 1513 2954 proposit0,
1543 2871 1582 2927 ut

328 2986 347 3013 “
366 2994 499 3073 gentes
513 2973 732 3051 christianas
748 2975 863 3070 partis
883 3000 949 3071 per
980 2975 1100 3050 lason
1121 2975 1330 3049 Cunrsruu
1349 2991 1580 3047 servatorem

329 3103 347 3131 ‘⁴
367 3090 568 3177 beneficiis
585 3109 622 3164 et
641 3091 671 3164 si
691 3091 769 3164 fieri
788 3112 926 3189 posset,
949 3093 1115 3167 funditus
1134 3093 1355 3190 despolient.

379 3220 398 3250 “
418 3210 565 3305 Quibus
586 3209 670 3282 Nos
688 3210 977 3308 ingemiscentes
996 3209 1111 3297 malis,
1133 3210 1221 3283 illud
1247 3236 1359 3307 saepe
1383 3208 1429 3282 ad
1451 3208 1577 3282 Deum

330 3339 349 3369 “
367 3330 536 3412 clamare.
575 3347 732 3426 urgente
769 3329 933 3401 animum
961 3329 1126 3414 caritate,
1149 3326 1405 3424 compellimur
1424 3354 1431 3401 ε
1447 3337 1468 3366 “
1487 3327 1583 3399 Ecce

327 3513 481 3582 apprenris,
494 3511 545 3564 des
557 3514 744 3581 compagnons
765 3521 792 3565 et
813 3511 864 3565 des
884 3511 1007 3579 maitres,
1021 3513 1063 3566 les
1076 3510 1173 3566 divers
1195 3511 1418 3567 fonctionnaires
1431 3512 1482 3566 des
1496 3512 1585 3581 loges,

330 3592 451 3662 lesquels
464 3591 585 3644 forment
596 3606 648 3660 par
660 3591 721 3643 leur
734 3591 851 3645 reunion
861 3592 889 3644 la
897 3592 1006 3660 grande
1016 3593 1088 3662 loge,
1098 3602 1185 3660 ayant
1193 3591 1211 3644 ὲ
1220 3608 1252 3644 sa
1261 3591 1317 3645 tete
1327 3593 1353 3646 le
1363 3592 1586 3661 grand-maltre;

329 3672 370 3725 les
384 3669 558 3724 ceremonies
580 3669 749 3723 d’initiation
771 3672 1009 3740 trogi-comiqucs,
1031 3671 1049 3723 ἁ
1069 3673 1174 3740 lascis
1198 3670 1519 3737 niliculesetlem'blen
1531 3685 1587 3723 aux

329 3750 432 3820 grades
445 3759 473 3803 et
485 3765 539 3802 aux
551 3747 676 3817 dignites
690 3748 726 3802 de
744 3750 864 3816 l’ordre;
883 3750 923 3803 les
944 3750 1078 3805 reunions
1099 3768 1169 3806 avec
1193 3767 1229 3804 ou
1252 3768 1319 3804 sans
1339 3750 1523 3815 ceremonies,
1545 3748 1587 3802 les

331 3833 479 3899 banquets,
492 3829 532 3882 les
546 3827 642 3896 signes
653 3827 689 3881 de
702 3830 939 3883 reconnaissance
952 3830 1003 3884 des
1014 3848 1131 3901 macons
1144 3840 1225 3885 entre
1239 3846 1299 3898 eux,
1314 3831 1339 3884 le
1353 3830 1434 3896 salut,
1445 3829 1471 3883 le
1485 3826 1588 3897 regard

330 3910 387 3964 dits
400 3907 614 3977 maeonniques,
624 3918 677 3960 etc.
688 3908 703 3935 ’'
714 3909 837 3976 (Wetzer
852 3919 881 3962 et
894 3909 997 3978 Welte‚
1010 3911 1030 3964 l.
1043 3911 1077 3978 c.)
1553 3920 1555 3928 ’

370 4003 391 4041 1.
412 3988 507 4041 Lettre
520 3987 537 4040 a
552 3988 592 4040 M.
610 3987 679 4040 Paul
693 3988 799 4042 Rosen.

368 4082 392 4120 2.
416 4081 445 4119 12
460 4067 534 4121 Nov.
551 4065 626 4134 1896.

368 4161 391 4215 3.
405 4146 511 4215 Aperte
524 4144 593 4198 dixit
607 4145 726 4213 Lemmi,
736 4147 905 4201 Massonum
917 4163 1066 4215 supremus
1077 4148 1222 4218 magister,
1233 4147 1352 4203 consilia
1365 4157 1451 4203 sectae
1465 4164 1523 4201 non
1529 4147 1589 4216 jam

332 4242 395 4280 esse
408 4225 536 4280 celanda.
550 4225 566 4251 “
576 4224 720 4278 Discus-le
732 4224 749 4278 d
762 4228 860 4295 vr'sage
878 4227 1034 4295 dlcouvert,
1054 4245 1126 4282 nous
1149 4229 1256 4282 devons
1269 4228 1354 4281 lutter
1367 4239 1465 4282 contre
1479 4227 1504 4280 le
1519 4228 1592 4280 Pon·

332 4304 560 4372 tile'',etc.—“La
570 4303 685 4375 periode
693 4305 729 4359 de
741 4306 916 4376 l'hypocrisie
926 4317 968 4360 est
978 4307 1052 4361 donc
1061 4308 1269 4377 passeepourla
1279 4308 1301 4359 F
1304 4307 1598 4382 rane-margonnerie'’‚

332 4395 412 4439 notat
422 4384 561 4453 judiciose
578 4386 613 4437 D.
627 4384 663 4437 de
676 4385 841 4440 T’Serclaes
856 4403 862 4439 ε
878 4386 894 4412 “
909 4387 955 4438 Du
975 4397 1057 4453 reste,
1082 4387 1192 4441 Lemmi
1215 4403 1232 4439 a
1254 4396 1320 4442 tenu
1341 4389 1358 4440 a
1381 4404 1414 4441 ce
1437 4388 1595 4455 qn'aucune

332 4464 487 4532 ambiguite
500 4481 536 4518 ne
549 4465 598 4532 put
611 4463 748 4517 subsister
761 4482 808 4518 sur
831 4467 857 4518 le
878 4467 927 4520 but
950 4463 1015 4534 qu’il
1029 4467 1169 4534 poursuit.
1184 4466 1235 4518 S'il
1249 4483 1266 4518 a
1279 4467 1357 4519 reuni
1372 4483 1406 4519 en
1420 4467 1535 4518 volume
1554 4464 1596 4517 les

331 4543 459 4597 discours
473 4544 538 4612 qu¹il
560 4542 687 4612 colporta
707 4559 743 4596 en
768 4545 835 4612 1892
858 4545 923 4598 d¹un
946 4544 1014 4597 bout
1024 4545 1041 4597 a
1053 4546 1150 4600 l'autre
1167 4547 1203 4599 de
1216 4545 1318 4598 l'ltalie
1332 4547 1398 4599 c'est
1413 4560 1499 4614 parce
1513 4541 1596 4612 qu'ils

331 4634 468 4692 exposent
488 4640 557 4677 avec
577 4622 664 4676 clane
677 4622 718 4676 les
731 4621 810 4678 idees
823 4635 850 4678 et
863 4624 905 4677 les
918 4621 1089 4692 aspirations
1102 4627 1139 4679 de
1151 4624 1272 4679 l'Ordre.
1285 4624 1298 4652 ’²
1312 4625 1400 4691 (Leon
1413 4622 1503 4688 XIII,
1517 4633 1536 4675 t.
1553 4622 1582 4673 11

335 4721 361 4773 p.
378 4702 513 4769 122-123.)
