3496 5482
1016 492 1437 502 -——----.—....-

629 556 750 606 CAPUT
778 555 984 606 SEPTIMUM.
1370 555 1432 626 151

822 659 978 666 ..-.—...—

87 755 92 759 ·
179 734 247 803 est,
262 735 302 790 ut
313 714 496 815 gubernia
507 711 721 799 acatholica,
740 713 776 785 in
788 712 1018 788 conferentia
1033 712 1093 786 illa
1108 714 1289 800 Romana,
1305 713 1437 812 majori

180 852 306 912 essent
326 844 490 908 numero.
524 832 624 906 Huic
643 850 833 929 praeterea,
863 858 945 906 cum
975 831 1125 906 exclusa
1153 852 1280 907 essent
1312 849 1442 907 cetera*

180 955 361 1031 catholica
373 980 488 1054 regna
502 955 675 1051 Europae,
686 953 946 1051 Hispanicum,
960 954 1189 1040 Lusitanum,
1202 954 1433 1039 Bavaricum,

184 1073 485 1171 Neapolitanum,
507 1091 631 1146 tamen
650 1073 835 1147 admissus
866 1072 931 1148 luit
956 1072 1101 1172 legatus
1130 1073 1323 1160 Sardiniae,
1353 1098 1436 1146 cum

182 1195 274 1267 voce
293 1190 543 1267 consultativa
560 1209 598 1264 et
616 1191 722 1289 quasi
742 1189 895 1287 perinde
924 1192 1074 1265 adesset
1102 1191 1150 1264 ad
1180 1192 1438 1265 instruendum

183 1311 230 1387 de
249 1311 359 1385 rebus
377 1309 494 1410 gestis
515 1308 682 1405 invidum
707 1334 814 1381 suum
827 1309 1131 1408 gubernium,de
1149 1327 1274 1384 cetero
1293 1309 1440 1382 aMas·

182 1429 336 1504 sonibus
367 1428 525 1504 electum
554 1444 594 1500 ut
622 1426 728 1501 brevi
755 1447 886 1524 postea
915 1447 1114 1524 occuparet
1136 1427 1291 1501 Urbem.
1312 1471 1362 1482 -
1384 1425 1438 1500 Hi

182 1550 334 1648 quidem
348 1549 460 1649 legati
475 1574 574 1622 anno
590 1550 693 1641 1831,
708 1549 897 1646 quoddam
913 1548 1123 1626 conflavero
1138 1545 1436 1632 Memorandum,

183 1668 283 1766 quod
313 1693 444 1764 reapse
476 1685 563 1746 vota
593 1666 785 1741 sanciebat
817 1668 1049 1754 Massonum,
1080 1668 1146 1740 sed
1177 1666 1328 1754 minime
1354 1665 1440 1762 jura

187 1787 377 1862 Pontificis
407 1804 506 1861 sarta
543 1788 931 1885 tectaqueservabat,
963 1787 1125 1885 ideoque
1156 1803 1372 1861 constanter
1402 1802 1440 1858 et

185 1905 472 2004 magnanimiter
489 1932 511 1981 a
529 1905 716 2003 Gregorio
735 1904 829 1978 XVI
853 1923 1060 1980 recusatum
1088 1905 1154 1978 luit
1174 1928 1317 1978 necnon
1337 1901 1441 1991 dein·

184 2049 273 2121 ceps
292 2041 528 2099 retractatum
545 2050 566 2097 a
582 2023 758 2097 Borussia
771 2040 809 2097 et
825 2025 971 2099 Russia.
991 2023 1069 2100 Sed
1088 2024 1199 2099 eheu!
1217 2047 1347 2119 sparsa
1362 2021 1447 2094 ubi·'

185 2166 258 2240 que
285 2162 390 2217 erant
419 2143 562 2216 semina
582 2140 792 2216 rebellionis
811 2168 852 2215 ac
872 2141 1111 2217 laicizationis
1129 2141 1318 2239 animique
1336 2156 1441 2214 erant

186 2261 331 2334 accensi
346 2260 382 2333 in
396 2260 619 2359 gubernium
637 2258 862 2345 Pontificale,
880 2279 917 2334 et
932 2260 1096 2335 famosus
1115 2259 1346 2334 Palmerston
1361 2256 1449 2331 haee‘

185 2378 334 2453 zizaniae
365 2377 458 2452 sovit
476 2377 647 2476 germina
665 2396 703 2451 et
730 2376 907 2464 scintillas
926 2377 994 2452 zeli
1019 2378 1138 2477 magis
1167 2376 1362 2475 magisque
1389 2373 1449 2447 in·‘

187 2498 403 2573 flammavit:
426 2509 444 2538 “
461 2499 623 2595 Oportet
639 2496 827 2584 rebellare,
846 2497 1025 2573 rebellare
1036 2498 1224 2573 continuo.
1242 2497 1258 2524 ”
1285 2495 1349 2570 Sic
1369 2521 1443 2569 vox

186 2617 253 2689 viri
273 2617 378 2691 istius
396 2635 438 2689 ut
455 2615 649 2690 classicum
668 2615 755 2690 belli
787 2616 994 2701 resonabat⁸
1013 2617 1061 2691 ad
1090 2641 1197 2690 aures
1231 2596 1442 2689 Italicorum

191 2737 421 2810 Massonum.
452 2734 609 2833 Insuper
644 2735 777 2810 accidit
806 2735 907 2833 quod
938 2763 1003 2810 rex
1034 2734 1177 2820 Galliae,
1212 2733 1444 2808 Ludovicus·

190 2853 498 2951 Philippus‚haud
517 2872 616 2926 certe
637 2853 798 2927 minores
817 2853 981 2928 attulerit
1006 2853 1244 2927 difficultates
1258 2850 1443 2949 gubernio

190 2972 407 3062 Pontificali;
419 2998 493 3070 qua
508 2973 544 3047 in
560 2998 608 3060 re,
624 2971 756 3046 saltem
776 2973 965 3059 indirecte,
976 2991 1100 3071 partes
1116 2973 1193 3073 egit
1208 2972 1441 3045 Massonum.

187 3094 367 3168 Attamen
396 3091 568 3164 adunatis
596 3091 736 3164 viribus
763 3109 800 3166 et
820 3090 1028 3166 Cardinalis
1057 3090 1206 3176 Albani,
1235 3088 1303 3163 viri
1331 3087 1444 3161 animi

187 3209 387 3295 fortissimi,
409 3229 445 3283 et
466 3208 599 3283 nobilis
621 3208 827 3306 Radetzky,
848 3210 953 3283 ducis
981 3209 1163 3295 austriaci,
1185 3233 1258 3305 pax
1276 3224 1314 3282 et
1344 3230 1443 3304 quae·

187 3330 273 3403 dam
301 3325 557 3426 tranquillitas,
577 3351 644 3424 per
661 3326 802 3425 aliquot
826 3353 956 3415 annos,
977 3328 1014 3402 in
1042 3327 1201 3403 statibus
1223 3322 1444 3400 Pontificali-

187 3449 256 3522 bus
276 3445 457 3545 regnavit.
583 3547 586 3551 ⁵

237 3581 269 3641 7.
293 3565 441 3640 Interea
460 3563 646 3661 Gregorio
658 3562 1071 3661 XVI,die1Junii1846
1090 3564 1277 3649 deluncto,
1298 3587 1442 3637 succes·

187 3688 235 3760 sit
248 3686 343 3759 adie
356 3685 435 3783 jam
461 3682 686 3782 16ejusdem
703 3685 947 3771 mensis,Pius
971 3684 1038 3769 IX,
1059 3684 1317 3782 longissimum
1337 3707 1444 3755 suum

189 3829 345 3903 regnum
384 3827 427 3896 32
458 3826 638 3875 annorum
669 3801 909 3900 incoepturus.
933 3803 1008 3876 Hic
1038 3827 1214 3900 magnum
1251 3800 1441 3898 specimen

188 3924 351 3996 virorum
370 3920 444 3994 Dei
464 3920 558 3994 Orbi
577 3919 756 3994 divinitus
782 3921 942 3994 emissus
970 3919 1176 4004 videbatur,
1199 3919 1247 3992 ad
1266 3916 1446 3992 extollen-

188 4043 277 4116 dum
315 4039 543 4139 praestigium
582 4038 772 4124 Ecclesiae,
811 4041 1009 4136 postremis
1046 4040 1147 4114 hisce
1182 4038 1306 4112 saeculi
1342 4037 1445 4111 XIX

190 4161 428 4259 temporibus,
450 4159 766 4256 quemadmodum
791 4160 878 4235 olim
908 4162 945 4234 in
973 4161 1159 4261 adjunctis
1182 4184 1290 4257 aeque
1320 4157 1445 4232 arduis

183 4281 263 4380 jam
295 4295 457 4353 exeunte
488 4276 624 4351 saeculo
656 4277 727 4364 XI,
761 4280 869 4352 datus
902 4278 968 4352 luit
1001 4278 1039 4353 S.
1062 4279 1268 4378 Gregorius
1287 4277 1389 4363 Vll,
1409 4293 1447 4349 et

190 4401 341 4472 ineunte
354 4394 459 4469 XIII
479 4394 719 4470 Innocentius
735 4396 796 4469 lII
812 4393 866 4495 (¹).
887 4396 1060 4471 Pontileri
1072 4396 1231 4470 subinde
1245 4398 1375 4468 nactu‘s
1387 4410 1446 4469 est

190 4515 423 4591 occasionem
444 4513 639 4611 frangendi
659 4514 730 4587 iras
748 4532 786 4588 et
814 4515 1005 4611 praebendi
1035 4541 1077 4590 se
1095 4514 1282 4589 Vicarium
1307 4511 1446 4587 Christi

229 4733 249 4772 ι.
271 4718 347 4772 Hist.
360 4717 394 4771 de
405 4717 457 4770 Pie
468 4716 523 4784 IX,
537 4717 561 4771 le
575 4716 683 4787 Grand,
695 4717 821 4772 etdeson
834 4715 993 4787 Pontificat,
1006 4712 1080 4774 Abb.
1095 4711 1219 4789 Sylvain
