3496 5482
261 479 368 487 --...---
945 478 1271 487 ——--—-—-.-..
1286 482 1506 491 ’.ψ-.-

660 543 752 593 rann
780 544 840 594 srr
868 544 942 593 anx
974 545 1099 596 nona.
1437 530 1507 616 267

256 644 322 653 --ὓ-
336 648 1149 658 —-—-..-—-——-——--——-————-————-—
1181 652 1280 659 ———-

253 699 398 788 moliri;
434 702 664 801 proindeque
695 703 779 778 huic
807 703 926 800 primo
955 721 1012 779 est
1044 703 1274 779 obviandum
1306 704 1510 805 illudquee

257 823 381 900 medio
419 825 634 901 tollendum.
667 826 886 926 Principale
902 841 1026 900 exstat
1056 823 1389 922 impedimentum:
1408 841 1511 903 secta

252 942 356 1016 enim
377 941 533 1031 sublata,
554 943 695 1044 reliqua
718 943 918 1031 obstacula,
951 943 1035 1019 licet
1055 968 1128 1017 non
1157 943 1373 1020 immediate
1402 945 1509 1021 cede·

252 1079 348 1151 rent,
373 1082 499 1139 tamen
518 1065 657 1140 sensim
676 1065 757 1141 sine
775 1091 887 1141 sensu
919 1082 1124 1139 mutuatam
1144 1065 1220 1138 vim
1240 1064 1510 1163 deperderent:

258 1203 345 1253 mox
367 1180 507 1257 dolosae
525 1180 820 1261 insimulationes
839 1182 938 1280 apud
967 1181 1157 1280 Principes
1175 1181 1347 1258 excitatae
1365 1209 1387 1258 a
1408 1202 1511 1258 secta

253 1318 291 1375 et
313 1303 544 1399 suspiciones
563 1304 599 1379 in
621 1300 829 1379 Ecclesiam
849 1303 986 1379 exinde
1003 1305 1156 1388 obortae,
1170 1321 1361 1379 cessarent
1378 1332 1385 1389 ;
1403 1303 1508 1379 brevi

253 1419 364 1494 etiam
388 1421 594 1497 diffidentia
613 1442 650 1497 et
681 1422 760 1497 dira
778 1421 926 1497 aversio
956 1420 1076 1519 plebis
1094 1446 1185 1520 erga
1216 1447 1343 1495 veram
1363 1421 1508 1522 religio·

252 1560 337 1612 nem
376 1538 516 1614 Christi
548 1541 784 1626 mitesceret;
815 1558 927 1638 atque
959 1538 1111 1614 tandem
1140 1541 1328 1614 communi
1361 1540 1441 1636 paci
1471 1559 1509 1614 et

252 1658 490 1753 prosperitati
506 1659 710 1747 studentes,
728 1676 765 1733 et
784 1658 983 1755 Principes,
998 1675 1036 1732 et
1051 1656 1176 1755 populi
1191 1656 1411 1732 inconcussa
1425 1659 1508 1757 jura

250 1772 290 1848 S.
311 1774 422 1851 Sedis
441 1777 683 1853 vindicarent.
709 1778 775 1864 Ita,
797 1794 835 1850 et
854 1776 909 1850 Ias
928 1794 986 1852 est
1003 1776 1137 1861 dicere,
1158 1775 1259 1873 quod
1283 1793 1385 1850 secta
1406 1776 1508 1849 Mas-

248 1892 377 1968 sonica
394 1895 627 1970 obstaculum
647 1913 704 1971 est
727 1895 876 1970 um'cum
892 1922 905 1968 .·
923 1895 1003 1992 ipsa
1022 1894 1210 1992 depressa,
1230 1894 1366 1968 cedent
1384 1894 1508 1968 obsta-

249 2006 331 2084 cula
351 2012 501 2110 reliqua,
524 2015 603 2111 ipsa
622 2039 712 2090 vero
739 2013 967 2099 dominante,
990 2029 1159 2087 crescent
1178 2012 1214 2086 in
1234 2011 1334 2086 diem
1354 2012 1507 2110 impedi·

254 2147 389 2216 menta,
407 2156 551 2206 errores
566 2150 678 2229 atque
692 2131 789 2206 mala
807 2157 892 2230 quae
911 2130 1011 2204 viam
1030 2131 1077 2204 ad
1098 2129 1404 2205 restaurationem
1411 2129 1507 2230 juris

251 2265 289 2323 et
307 2249 476 2325 ordinem
495 2251 685 2326 societatis
705 2251 824 2351 magis
857 2250 1054 2348 magisque
1072 2247 1300 2342 praecludere
1320 2247 1503 2323 videntur.

251 2367 316 2441 Ait
335 2368 434 2442 enim
457 2370 537 2444 Leo
568 2369 674 2444 XIII
696 2369 797 2468 quod
820 2379 960 2443 “secta
982 2368 1204 2443 Massonum
1238 2365 1429 2441 cuiusdam
1448 2385 1506 2442 est

250 2486 365 2559 instar
383 2488 499 2561 centri
519 2488 617 2562 unde
636 2488 776 2562 abeunt
802 2504 839 2562 et
857 2511 933 2585 quo
952 2486 1109 2562 redeunt
1131 2485 1326 2560 universae
1346 2482 1389 2583 (¹)
1408 2484 1506 2584 (aliae

247 2603 375 2704 sectae)
395 2606 423 2681 ”.

302 2722 345 2795 Id
359 2749 441 2797 cum
458 2724 635 2799 Summus
652 2725 823 2802 Pontilex
843 2740 971 2821 aperte
990 2723 1148 2798 fateatur
1167 2719 1221 2822 (²),
1241 2720 1313 2796 alla
1332 2747 1431 2809 ver0,
1453 2721 1506 2797 uti

248 2843 370 2917 unitas
392 2846 514 2944 Regni
539 2845 664 2931 Italici,
698 2844 843 2943 aIIaque
863 2844 1130 2940 impedimenta
1163 2868 1399 2941 nequaquam
1418 2859 1504 2918 sunt

251 2987 349 3048 vera,
372 2963 493 3050 realia,
514 2964 580 3038 sed
601 2963 724 3060 potius
736 2962 997 3037 excusationes
1012 2987 1129 3049 vanae,
1150 2987 1217 3036 seu
1238 2979 1442 3058 praetextus
1455 2962 1503 3036 ad

250 3085 491 3159 recusandam
511 3082 727 3183 quaestionis
747 3108 920 3166 romanae,
941 3082 993 3156 uti
1012 3081 1150 3166 dicunt,
1171 3079 1504 3179 solutionemque

250 3226 324 3276 non
339 3222 396 3278 est
410 3203 481 3278 alia
494 3205 563 3278 nisi
577 3205 722 3302 integra
735 3201 920 3276 restitutio
938 3199 1105 3274 Dominii
1119 3199 1157 3274 S.
1169 3199 1278 3286 Petri,
1295 3198 1353 3273 veI
1371 3198 1504 3274 saltem

248 3321 364 3417 partis
394 3320 489 3396 illius
518 3347 629 3420 quam
650 3321 828 3395 Summus
862 3317 1036 3394 Pontifex
1068 3317 1138 3391 sibi
1158 3343 1226 3392 ceu
1258 3317 1505 3393 necessariam

247 3438 461 3514 vindicabit.
488 3440 573 3536 Ipse
592 3439 692 3513 enim
722 3436 823 3513 solus
842 3453 880 3511 et
899 3435 1029 3510 unicus
1055 3453 1112 3510 est
1131 3435 1199 3509 hac
1220 3435 1255 3508 in
1276 3460 1315 3511 re
1330 3435 1450 3536 judex
1468 3452 1506 3511 et

247 3556 397 3653 quidem
418 3583 614 3654 supremus
635 3554 688 3655 (³).

297 3686 332 3747 2.
364 3675 566 3751 Neminem
586 3675 706 3749 virum
727 3673 979 3772 perspicacem
1010 3671 1125 3746 latere
1155 3689 1280 3769 potest
1300 3667 1432 3746 natura
1450 3697 1505 3746 se·

247 3793 1330 3893 ctaeetsodalitatumipsiaffiniquuaeenimquamquam
1344 3792 1505 3878 nomine,

247 3915 329 4000 ritu,
350 3915 477 4002 forma,
494 3916 639 4016 origine
665 3915 890 4001 differentes,
917 3916 1050 3990 eodem
1071 3933 1197 3988 tamen
1212 3940 1287 4012 quo
1302 3914 1383 4011 ipsa
1397 3912 1501 3998 vivit,

283 4091 304 4130 1.
327 4078 442 4146 Encycl.
458 4080 627 4134 Humanmn
637 4096 737 4151 genus,
751 4093 786 4133 20
798 4079 866 4147 Apr.
885 4078 959 4143 1884.

281 4171 304 4210 2.
324 4155 341 4183 ⁴⁶
357 4157 421 4212 Une
433 4158 591 4226 puissance,
604 4176 660 4215 une
673 4159 759 4225 seule,
772 4157 910 4228 empecbe
923 4158 960 4212 de
973 4158 1083 4212 donner
1102 4172 1157 4211 une
1171 4156 1293 4211 solution
1308 4154 1502 4210 satisfaisante

244 4234 260 4288 a
275 4235 302 4289 Ia
315 4237 444 4306 question
459 4238 595 4306 romaine,
608 4240 675 4294 c’est
689 4238 716 4293 la
729 4238 880 4310 puissance
893 4238 944 4292 des
958 4236 1079 4291 socie‘tes
1093 4235 1217 4291 secretes
1229 4252 1265 4289 en
1282 4234 1371 4302 Italie,
1385 4235 1412 4288 Ia
1425 4235 1500 4299 puis·

243 4330 330 4371 sance
342 4316 378 4372 de
391 4317 418 4372 la
432 4318 596 4373 revolution.
613 4320 695 4373 Nous
708 4335 744 4374 ne
757 4319 864 4373 taisons
877 4334 932 4389 que
952 4316 1062 4386 repeter
1084 4316 1125 4370 les
1137 4315 1249 4385 paroIes
1262 4315 1300 4370 du
1324 4314 1499 4383 Saint-Pere,

243 4404 269 4447 et
294 4394 312 4448 il
333 4397 411 4464 parle
430 4414 465 4452 en
479 4399 686 4454 connaissance
707 4398 742 4453 de
756 4415 850 4454 cause.
864 4399 878 4426 ”
891 4397 987 4466 (Card.
1002 4396 1151 4465 Vaughan,
1170 4393 1227 4449 The
1238 4411 1339 4450 roman
1363 4396 1500 4464 questam,

243 4475 287 4528 ch.
304 4475 366 4542 IX.)

281 4569 303 4622 3.
325 4554 391 4612 “Le
407 4559 483 4627 Pape
493 4575 529 4612 ne
542 4568 609 4628 peut
622 4558 680 4614 dtre
693 4558 801 4614 soumis
814 4558 931 4613 aaucun
943 4556 1064 4611 tribunal
1074 4554 1189 4610 humain
1204 4554 1283 4620 ;seul
1294 4553 1313 4609 il
1326 4563 1393 4624 peut
1406 4554 1500 4611 decla·

245 4650 289 4689 rer
302 4652 334 4690 ce
347 4636 394 4706 qui
408 4646 450 4692 est
464 4655 518 4693 une
540 4637 669 4708 garantie
682 4638 828 4693 suffisante
848 4638 899 4693 des
916 4637 1006 4692 droits
1020 4635 1121 4702 divins,
1134 4635 1205 4689 dont
1218 4634 1237 4688 il
1250 4645 1293 4690 est
1306 4635 1368 4690 seul
1386 4634 1497 4705 deposi-

245 4714 316 4770 taire
328 4726 358 4771 et
370 4717 501 4789 supreme
513 4717 640 4790 gardien.
654 4719 668 4747 ’¹
681 4717 747 4788 (Id,
761 4719 843 4776 lettre
856 4717 874 4773 a
886 4716 979 4774 l’abbe
993 4716 1124 4783 Moreau,
1137 4731 1164 4785 p.
1180 4713 1234 4789 5ο.)
