<?xml version="1.0" encoding="UTF-8"?>
<!DOCTYPE html PUBLIC "-//W3C//DTD XHTML 1.0 Transitional//EN"
    "http://www.w3.org/TR/xhtml1/DTD/xhtml1-transitional.dtd">
<html xmlns="http://www.w3.org/1999/xhtml" xml:lang="en" lang="en">
 <head>
  <title>
</title>
<meta http-equiv="Content-Type" content="text/html;charset=utf-8" />
  <meta name='ocr-system' content='tesseract 3.04.00' />
  <meta name='ocr-capabilities' content='ocr_page ocr_carea ocr_par ocr_line ocrx_word'/>
</head>
<body>
  <div class='ocr_page' id='page_1' title='image "./papasitrexromae00godtgoog_0307.png"; bbox 0 0 3496 5482; ppageno 0'>
   <div class='ocr_carea' id='block_1_1' title="bbox 762 434 1513 447">
    <p class='ocr_par' dir='ltr' id='par_1_1' title="bbox 762 434 1513 447">
     <span class='ocr_line' id='line_1_1' title="bbox 762 434 1513 447; baseline 0.003 -3"><span class='ocrx_word' id='word_1_1' title='bbox 762 438 786 444; x_wconf 77' lang='lat'>-</span> <span class='ocrx_word' id='word_1_2' title='bbox 793 438 800 444; x_wconf 61' lang='grc' dir='ltr'>α</span> <span class='ocrx_word' id='word_1_3' title='bbox 807 437 953 445; x_wconf 67' lang='lat'><em>-—-.-.</em></span> <span class='ocrx_word' id='word_1_4' title='bbox 963 434 1513 447; x_wconf 33' lang='grc' dir='ltr'><em>,ψὴν-ψ..-</em></span> 
     </span>
    </p>
   </div>
   <div class='ocr_carea' id='block_1_2' title="bbox 247 498 1099 572">
    <p class='ocr_par' dir='ltr' id='par_1_2' title="bbox 247 498 1099 572">
     <span class='ocr_line' id='line_1_2' title="bbox 247 498 1099 572; baseline -0.002 -19"><span class='ocrx_word' id='word_1_5' title='bbox 247 503 322 572; x_wconf 69' lang='lat'>’²9²</span> <span class='ocrx_word' id='word_1_6' title='bbox 660 500 752 550; x_wconf 82' lang='lat' dir='ltr'><strong>PAPA</strong></span> <span class='ocrx_word' id='word_1_7' title='bbox 779 499 839 550; x_wconf 85' lang='lat' dir='ltr'>SIT</span> <span class='ocrx_word' id='word_1_8' title='bbox 868 499 942 549; x_wconf 87' lang='lat' dir='ltr'>REX</span> <span class='ocrx_word' id='word_1_9' title='bbox 972 498 1099 551; x_wconf 83' lang='lat' dir='ltr'><strong>ROMAE.</strong></span> 
     </span>
    </p>
   </div>
   <div class='ocr_carea' id='block_1_3' title="bbox 239 664 1556 4531">
    <p class='ocr_par' dir='ltr' id='par_1_3' title="bbox 248 664 1516 1350">
     <span class='ocr_line' id='line_1_3' title="bbox 249 664 1515 760; baseline -0.001 -22"><span class='ocrx_word' id='word_1_10' title='bbox 249 665 297 739; x_wconf 94' lang='lat' dir='ltr'>de</span> <span class='ocrx_word' id='word_1_11' title='bbox 316 664 415 738; x_wconf 87' lang='lat' dir='ltr'>facto</span> <span class='ocrx_word' id='word_1_12' title='bbox 447 682 701 760; x_wconf 87' lang='lat' dir='ltr'>repraesentat.</span> <span class='ocrx_word' id='word_1_13' title='bbox 725 665 754 736; x_wconf 89' lang='lat' dir='ltr'>F</span> <span class='ocrx_word' id='word_1_14' title='bbox 759 666 857 736; x_wconf 88' lang='lat' dir='ltr'>actio</span> <span class='ocrx_word' id='word_1_15' title='bbox 875 682 999 737; x_wconf 89' lang='lat' dir='ltr'>autem</span> <span class='ocrx_word' id='word_1_16' title='bbox 1032 665 1199 738; x_wconf 89' lang='lat' dir='ltr'>satanica</span> <span class='ocrx_word' id='word_1_17' title='bbox 1218 665 1515 739; x_wconf 87' lang='lat' dir='ltr'>moderatiorem</span> 
     </span>
     <span class='ocr_line' id='line_1_4' title="bbox 250 779 1516 878; baseline 0 -21"><span class='ocrx_word' id='word_1_18' title='bbox 250 781 448 857; x_wconf 85' lang='lat' dir='ltr'>factionem</span> <span class='ocrx_word' id='word_1_19' title='bbox 469 780 574 856; x_wconf 90' lang='lat' dir='ltr'>facile</span> <span class='ocrx_word' id='word_1_20' title='bbox 594 781 708 855; x_wconf 90' lang='lat' dir='ltr'>vincit</span> <span class='ocrx_word' id='word_1_21' title='bbox 724 779 805 854; x_wconf 92' lang='lat' dir='ltr'>sive</span> <span class='ocrx_word' id='word_1_22' title='bbox 823 780 992 876; x_wconf 85' lang='lat' dir='ltr'>strepitu,</span> <span class='ocrx_word' id='word_1_23' title='bbox 1014 779 1094 855; x_wconf 90' lang='lat' dir='ltr'>sive</span> <span class='ocrx_word' id='word_1_24' title='bbox 1107 781 1265 857; x_wconf 89' lang='lat' dir='ltr'>actione.</span> <span class='ocrx_word' id='word_1_25' title='bbox 1287 781 1382 855; x_wconf 83' lang='lat' dir='ltr'>Haec</span> <span class='ocrx_word' id='word_1_26' title='bbox 1402 780 1516 878; x_wconf 85' lang='lat' dir='ltr'><strong>plebs</strong></span> 
     </span>
     <span class='ocr_line' id='line_1_5' title="bbox 254 897 1515 997; baseline 0.001 -24"><span class='ocrx_word' id='word_1_27' title='bbox 254 900 483 987; x_wconf 87' lang='lat' dir='ltr'>Massonum,</span> <span class='ocrx_word' id='word_1_28' title='bbox 505 924 588 973; x_wconf 89' lang='lat' dir='ltr'>cum</span> <span class='ocrx_word' id='word_1_29' title='bbox 610 897 730 997; x_wconf 88' lang='lat' dir='ltr'>logica</span> <span class='ocrx_word' id='word_1_30' title='bbox 749 897 1014 973; x_wconf 88' lang='lat' dir='ltr'>consecutione</span> <span class='ocrx_word' id='word_1_31' title='bbox 1032 924 1079 973; x_wconf 86' lang='lat' dir='ltr'>ex</span> <span class='ocrx_word' id='word_1_32' title='bbox 1099 899 1289 996; x_wconf 85' lang='lat' dir='ltr'>principiis</span> <span class='ocrx_word' id='word_1_33' title='bbox 1307 898 1515 975; x_wconf 84' lang='lat' dir='ltr'>socialibus</span> 
     </span>
     <span class='ocr_line' id='line_1_6' title="bbox 248 1016 1511 1116; baseline -0.001 -23"><span class='ocrx_word' id='word_1_34' title='bbox 248 1045 295 1093; x_wconf 88' lang='lat' dir='ltr'>ex</span> <span class='ocrx_word' id='word_1_35' title='bbox 315 1016 437 1093; x_wconf 88' lang='lat' dir='ltr'>Gallia</span> <span class='ocrx_word' id='word_1_36' title='bbox 456 1017 776 1116; x_wconf 82' lang='lat' dir='ltr'>proficiscentibus</span> <span class='ocrx_word' id='word_1_37' title='bbox 805 1016 976 1104; x_wconf 90' lang='lat' dir='ltr'>deducta,</span> <span class='ocrx_word' id='word_1_38' title='bbox 997 1042 1074 1092; x_wconf 89' lang='lat' dir='ltr'>rem</span> <span class='ocrx_word' id='word_1_39' title='bbox 1095 1016 1280 1115; x_wconf 88' lang='lat' dir='ltr'>publicam</span> <span class='ocrx_word' id='word_1_40' title='bbox 1308 1016 1511 1116; x_wconf 86' lang='lat' dir='ltr'><strong>gubernat,</strong></span> 
     </span>
     <span class='ocr_line' id='line_1_7' title="bbox 249 1134 1513 1232; baseline 0 -24"><span class='ocrx_word' id='word_1_41' title='bbox 249 1159 322 1209; x_wconf 89' lang='lat' dir='ltr'>non</span> <span class='ocrx_word' id='word_1_42' title='bbox 343 1135 379 1209; x_wconf 93' lang='lat' dir='ltr'>in</span> <span class='ocrx_word' id='word_1_43' title='bbox 399 1135 539 1208; x_wconf 93' lang='lat' dir='ltr'>bonum</span> <span class='ocrx_word' id='word_1_44' title='bbox 559 1134 747 1232; x_wconf 91' lang='lat' dir='ltr'>publicum</span> <span class='ocrx_word' id='word_1_45' title='bbox 767 1135 833 1210; x_wconf 91' lang='lat' dir='ltr'>sed</span> <span class='ocrx_word' id='word_1_46' title='bbox 853 1160 898 1209; x_wconf 91' lang='lat' dir='ltr'>ea</span> <span class='ocrx_word' id='word_1_47' title='bbox 917 1135 1123 1232; x_wconf 86' lang='lat' dir='ltr'>praesertim</span> <span class='ocrx_word' id='word_1_48' title='bbox 1144 1135 1352 1209; x_wconf 90' lang='lat' dir='ltr'>intentione</span> <span class='ocrx_word' id='word_1_49' title='bbox 1367 1152 1406 1208; x_wconf 94' lang='lat' dir='ltr'>ut</span> <span class='ocrx_word' id='word_1_50' title='bbox 1429 1160 1513 1210; x_wconf 92' lang='lat' dir='ltr'>om-</span> 
     </span>
     <span class='ocr_line' id='line_1_8' title="bbox 248 1252 1276 1350; baseline 0 -22"><span class='ocrx_word' id='word_1_51' title='bbox 248 1254 355 1328; x_wconf 89' lang='lat' dir='ltr'>nibus</span> <span class='ocrx_word' id='word_1_52' title='bbox 374 1254 494 1328; x_wconf 90' lang='lat' dir='ltr'>modis</span> <span class='ocrx_word' id='word_1_53' title='bbox 514 1253 753 1350; x_wconf 89' lang='lat' dir='ltr'>possibilibus</span> <span class='ocrx_word' id='word_1_54' title='bbox 775 1252 956 1328; x_wconf 78' lang='lat' dir='ltr'>Ecclesiae</span> <span class='ocrx_word' id='word_1_55' title='bbox 974 1253 1114 1328; x_wconf 83' lang='lat' dir='ltr'>Christi</span> <span class='ocrx_word' id='word_1_56' title='bbox 1135 1272 1276 1329; x_wconf 82' lang='lat' dir='ltr'>noceat</span> 
     </span>
    </p>

    <p class='ocr_par' dir='ltr' id='par_1_4' title="bbox 243 1370 1556 3942">
     <span class='ocr_line' id='line_1_9' title="bbox 300 1370 1512 1471; baseline 0.001 -25"><span class='ocrx_word' id='word_1_57' title='bbox 300 1371 356 1446; x_wconf 90' lang='lat' dir='ltr'>Ut</span> <span class='ocrx_word' id='word_1_58' title='bbox 374 1371 537 1447; x_wconf 87' lang='lat' dir='ltr'>indolem</span> <span class='ocrx_word' id='word_1_59' title='bbox 550 1398 783 1469; x_wconf 88' lang='lat' dir='ltr'>exponamus</span> <span class='ocrx_word' id='word_1_60' title='bbox 799 1370 1044 1469; x_wconf 91' lang='lat' dir='ltr'>pessimorum</span> <span class='ocrx_word' id='word_1_61' title='bbox 1061 1370 1223 1445; x_wconf 85' lang='lat' dir='ltr'>virorum</span> <span class='ocrx_word' id='word_1_62' title='bbox 1242 1396 1285 1446; x_wconf 91' lang='lat' dir='ltr'>ac</span> <span class='ocrx_word' id='word_1_63' title='bbox 1297 1373 1512 1471; x_wconf 85' lang='lat' dir='ltr'>conjurato-</span> 
     </span>
     <span class='ocr_line' id='line_1_10' title="bbox 248 1488 1513 1587; baseline 0.002 -25"><span class='ocrx_word' id='word_1_64' title='bbox 248 1513 338 1575; x_wconf 85' lang='lat' dir='ltr'>rum,</span> <span class='ocrx_word' id='word_1_65' title='bbox 359 1489 494 1585; x_wconf 91' lang='lat' dir='ltr'>quibus</span> <span class='ocrx_word' id='word_1_66' title='bbox 513 1489 593 1564; x_wconf 88' lang='lat' dir='ltr'>haec</span> <span class='ocrx_word' id='word_1_67' title='bbox 613 1488 723 1564; x_wconf 87' lang='lat' dir='ltr'>factio</span> <span class='ocrx_word' id='word_1_68' title='bbox 752 1490 901 1564; x_wconf 92' lang='lat' dir='ltr'>videtur</span> <span class='ocrx_word' id='word_1_69' title='bbox 919 1515 1002 1564; x_wconf 91' lang='lat' dir='ltr'>esse</span> <span class='ocrx_word' id='word_1_70' title='bbox 1020 1488 1190 1577; x_wconf 85' lang='lat' dir='ltr'>conflata,</span> <span class='ocrx_word' id='word_1_71' title='bbox 1212 1514 1287 1563; x_wconf 91' lang='lat' dir='ltr'>non</span> <span class='ocrx_word' id='word_1_72' title='bbox 1306 1515 1513 1587; x_wconf 91' lang='lat' dir='ltr'>possumus</span> 
     </span>
     <span class='ocr_line' id='line_1_11' title="bbox 247 1605 1510 1704; baseline 0.002 -25"><span class='ocrx_word' id='word_1_73' title='bbox 247 1631 322 1680; x_wconf 92' lang='lat' dir='ltr'>non</span> <span class='ocrx_word' id='word_1_74' title='bbox 342 1608 378 1680; x_wconf 92' lang='lat' dir='ltr'>in</span> <span class='ocrx_word' id='word_1_75' title='bbox 397 1608 615 1680; x_wconf 87' lang='lat' dir='ltr'>memoriam</span> <span class='ocrx_word' id='word_1_76' title='bbox 637 1632 813 1682; x_wconf 90' lang='lat' dir='ltr'>revocare</span> <span class='ocrx_word' id='word_1_77' title='bbox 831 1633 877 1681; x_wconf 90' lang='lat' dir='ltr'>ea</span> <span class='ocrx_word' id='word_1_78' title='bbox 900 1632 985 1704; x_wconf 86' lang='lat' dir='ltr'>quac</span> <span class='ocrx_word' id='word_1_79' title='bbox 1003 1605 1091 1681; x_wconf 92' lang='lat' dir='ltr'>olim</span> <span class='ocrx_word' id='word_1_80' title='bbox 1112 1606 1309 1681; x_wconf 88' lang='lat' dir='ltr'>Sallustius</span> <span class='ocrx_word' id='word_1_81' title='bbox 1333 1607 1382 1682; x_wconf 93' lang='lat' dir='ltr'>de</span> <span class='ocrx_word' id='word_1_82' title='bbox 1405 1632 1510 1681; x_wconf 90' lang='lat' dir='ltr'>asse·</span> 
     </span>
     <span class='ocr_line' id='line_1_12' title="bbox 245 1722 1505 1823; baseline 0.005 -27"><span class='ocrx_word' id='word_1_83' title='bbox 245 1722 311 1796; x_wconf 91' lang='lat' dir='ltr'>clis</span> <span class='ocrx_word' id='word_1_84' title='bbox 331 1722 502 1799; x_wconf 85' lang='lat' dir='ltr'>Catilinae</span> <span class='ocrx_word' id='word_1_85' title='bbox 534 1726 706 1822; x_wconf 90' lang='lat' dir='ltr'>scripsit:</span> <span class='ocrx_word' id='word_1_86' title='bbox 740 1735 760 1762; x_wconf 87' lang='lat'><em>“</em></span> <span class='ocrx_word' id='word_1_87' title='bbox 780 1725 823 1798; x_wconf 95' lang='lat' dir='ltr'>ln</span> <span class='ocrx_word' id='word_1_88' title='bbox 852 1742 955 1798; x_wconf 89' lang='lat' dir='ltr'>tanta</span> <span class='ocrx_word' id='word_1_89' title='bbox 974 1743 1125 1821; x_wconf 89' lang='lat' dir='ltr'>tamque</span> <span class='ocrx_word' id='word_1_90' title='bbox 1145 1744 1318 1823; x_wconf 87' lang='lat' dir='ltr'>corrupta</span> <span class='ocrx_word' id='word_1_91' title='bbox 1337 1726 1505 1814; x_wconf 89' lang='lat' dir='ltr'>civitate,</span> 
     </span>
     <span class='ocr_line' id='line_1_13' title="bbox 247 1841 1509 1947; baseline 0.005 -30"><span class='ocrx_word' id='word_1_92' title='bbox 247 1841 415 1928; x_wconf 86' lang='lat' dir='ltr'>Catilina,</span> <span class='ocrx_word' id='word_1_93' title='bbox 434 1842 471 1915; x_wconf 93' lang='lat' dir='ltr'>id</span> <span class='ocrx_word' id='word_1_94' title='bbox 490 1843 591 1940; x_wconf 92' lang='lat' dir='ltr'>quod</span> <span class='ocrx_word' id='word_1_95' title='bbox 607 1842 704 1916; x_wconf 91' lang='lat' dir='ltr'>factu</span> <span class='ocrx_word' id='word_1_96' title='bbox 721 1841 935 1918; x_wconf 88' lang='lat' dir='ltr'>facillimum</span> <span class='ocrx_word' id='word_1_97' title='bbox 947 1863 1036 1930; x_wconf 91' lang='lat' dir='ltr'>erat,</span> <span class='ocrx_word' id='word_1_98' title='bbox 1054 1845 1219 1921; x_wconf 88' lang='lat' dir='ltr'>omnium</span> <span class='ocrx_word' id='word_1_99' title='bbox 1237 1845 1509 1947; x_wconf 85' lang='lat' dir='ltr'>flagitiosorum</span> 
     </span>
     <span class='ocr_line' id='line_1_14' title="bbox 245 1959 1510 2060; baseline 0.005 -27"><span class='ocrx_word' id='word_1_100' title='bbox 245 1978 359 2058; x_wconf 87' lang='lat' dir='ltr'>atque</span> <span class='ocrx_word' id='word_1_101' title='bbox 379 1959 670 2035; x_wconf 81' lang='lat' dir='ltr'>facinorosorum</span> <span class='ocrx_word' id='word_1_102' title='bbox 690 1961 827 2034; x_wconf 91' lang='lat' dir='ltr'>circum</span> <span class='ocrx_word' id='word_1_103' title='bbox 856 1987 911 2050; x_wconf 92' lang='lat' dir='ltr'>se,</span> <span class='ocrx_word' id='word_1_104' title='bbox 929 1980 1108 2060; x_wconf 88' lang='lat' dir='ltr'>tanquam</span> <span class='ocrx_word' id='word_1_105' title='bbox 1136 1964 1369 2060; x_wconf 88' lang='lat' dir='ltr'>stipatorum,</span> <span class='ocrx_word' id='word_1_106' title='bbox 1390 1982 1510 2039; x_wconf 89' lang='lat' dir='ltr'>cater-</span> 
     </span>
     <span class='ocr_line' id='line_1_15' title="bbox 247 2073 1556 2180; baseline 0.005 -30"><span class='ocrx_word' id='word_1_107' title='bbox 247 2103 313 2151; x_wconf 92' lang='lat' dir='ltr'>vas</span> <span class='ocrx_word' id='word_1_108' title='bbox 346 2077 518 2151; x_wconf 88' lang='lat' dir='ltr'>habebat.</span> <span class='ocrx_word' id='word_1_109' title='bbox 557 2076 657 2151; x_wconf 92' lang='lat' dir='ltr'>Nam</span> <span class='ocrx_word' id='word_1_110' title='bbox 688 2077 914 2175; x_wconf 89' lang='lat' dir='ltr'>quicumque</span> <span class='ocrx_word' id='word_1_111' title='bbox 940 2078 1159 2175; x_wconf 90' lang='lat' dir='ltr'>impudicus,</span> <span class='ocrx_word' id='word_1_112' title='bbox 1191 2079 1345 2164; x_wconf 87' lang='lat' dir='ltr'>adulter,</span> <span class='ocrx_word' id='word_1_113' title='bbox 1370 2104 1508 2180; x_wconf 86' lang='lat' dir='ltr'>gane0,</span> <span class='ocrx_word' id='word_1_114' title='bbox 1551 2073 1556 2079; x_wconf 37' lang='lat'><strong>¹</strong></span> 
     </span>
     <span class='ocr_line' id='line_1_16' title="bbox 245 2194 1511 2298; baseline 0.006 -30"><span class='ocrx_word' id='word_1_115' title='bbox 245 2194 335 2282; x_wconf 90' lang='lat' dir='ltr'>alea,</span> <span class='ocrx_word' id='word_1_116' title='bbox 370 2220 493 2283; x_wconf 90' lang='lat' dir='ltr'>manu,</span> <span class='ocrx_word' id='word_1_117' title='bbox 529 2215 671 2281; x_wconf 82' lang='lat' dir='ltr'>ventre,</span> <span class='ocrx_word' id='word_1_118' title='bbox 702 2221 799 2292; x_wconf 91' lang='lat' dir='ltr'>pene</span> <span class='ocrx_word' id='word_1_119' title='bbox 831 2196 929 2270; x_wconf 92' lang='lat' dir='ltr'>bona</span> <span class='ocrx_word' id='word_1_120' title='bbox 956 2195 1074 2292; x_wconf 88' lang='lat' dir='ltr'>patria</span> <span class='ocrx_word' id='word_1_121' title='bbox 1105 2194 1345 2286; x_wconf 88' lang='lat' dir='ltr'>laceraverat,</span> <span class='ocrx_word' id='word_1_122' title='bbox 1365 2199 1511 2298; x_wconf 91' lang='lat' dir='ltr'>quique</span> 
     </span>
     <span class='ocr_line' id='line_1_17' title="bbox 245 2311 1510 2412; baseline 0.005 -26"><span class='ocrx_word' id='word_1_123' title='bbox 245 2312 407 2387; x_wconf 91' lang='lat' dir='ltr'>alienum</span> <span class='ocrx_word' id='word_1_124' title='bbox 437 2338 500 2387; x_wconf 89' lang='lat' dir='ltr'>aes</span> <span class='ocrx_word' id='word_1_125' title='bbox 529 2311 672 2412; x_wconf 85' lang='lat' dir='ltr'>grande</span> <span class='ocrx_word' id='word_1_126' title='bbox 691 2311 928 2398; x_wconf 83' lang='lat' dir='ltr'>conflaverat,</span> <span class='ocrx_word' id='word_1_127' title='bbox 959 2338 1033 2410; x_wconf 92' lang='lat' dir='ltr'>quo</span> <span class='ocrx_word' id='word_1_128' title='bbox 1059 2311 1249 2411; x_wconf 86' lang='lat' dir='ltr'>flagitium,</span> <span class='ocrx_word' id='word_1_129' title='bbox 1275 2334 1340 2390; x_wconf 92' lang='lat' dir='ltr'>aut</span> <span class='ocrx_word' id='word_1_130' title='bbox 1365 2314 1510 2393; x_wconf 90' lang='lat' dir='ltr'>facinus</span> 
     </span>
     <span class='ocr_line' id='line_1_18' title="bbox 246 2430 1508 2534; baseline 0.002 -29"><span class='ocrx_word' id='word_1_131' title='bbox 246 2430 467 2518; x_wconf 87' lang='lat' dir='ltr'>redimeret;</span> <span class='ocrx_word' id='word_1_132' title='bbox 495 2449 687 2528; x_wconf 86' lang='lat' dir='ltr'>praeterea,</span> <span class='ocrx_word' id='word_1_133' title='bbox 720 2454 851 2503; x_wconf 90' lang='lat' dir='ltr'>omnes</span> <span class='ocrx_word' id='word_1_134' title='bbox 881 2430 1046 2527; x_wconf 90' lang='lat' dir='ltr'>undique</span> <span class='ocrx_word' id='word_1_135' title='bbox 1073 2432 1274 2527; x_wconf 78' lang='lat' dir='ltr'>parricidae,</span> <span class='ocrx_word' id='word_1_136' title='bbox 1303 2431 1508 2534; x_wconf 79' lang='lat' dir='ltr'>sacrilegae,</span> 
     </span>
     <span class='ocr_line' id='line_1_19' title="bbox 243 2546 1543 2647; baseline 0.001 -24"><span class='ocrx_word' id='word_1_137' title='bbox 243 2549 405 2624; x_wconf 92' lang='lat' dir='ltr'>convicti</span> <span class='ocrx_word' id='word_1_138' title='bbox 427 2548 577 2647; x_wconf 90' lang='lat' dir='ltr'>judiciis</span> <span class='ocrx_word' id='word_1_139' title='bbox 605 2564 667 2621; x_wconf 90' lang='lat' dir='ltr'>aut</span> <span class='ocrx_word' id='word_1_140' title='bbox 695 2571 763 2644; x_wconf 90' lang='lat' dir='ltr'>pro</span> <span class='ocrx_word' id='word_1_141' title='bbox 790 2546 896 2620; x_wconf 90' lang='lat' dir='ltr'>factis</span> <span class='ocrx_word' id='word_1_142' title='bbox 922 2546 1104 2645; x_wconf 90' lang='lat' dir='ltr'>judicium</span> <span class='ocrx_word' id='word_1_143' title='bbox 1129 2549 1329 2637; x_wconf 87' lang='lat' dir='ltr'>timentes;</span> <span class='ocrx_word' id='word_1_144' title='bbox 1352 2550 1399 2623; x_wconf 90' lang='lat' dir='ltr'>ad</span> <span class='ocrx_word' id='word_1_145' title='bbox 1422 2549 1506 2634; x_wconf 79' lang='lat' dir='ltr'>hoc,</span> <span class='ocrx_word' id='word_1_146' title='bbox 1538 2598 1543 2605; x_wconf 96' lang='lat'>-</span> 
     </span>
     <span class='ocr_line' id='line_1_20' title="bbox 245 2662 1509 2766; baseline 0.001 -24"><span class='ocrx_word' id='word_1_147' title='bbox 245 2668 347 2766; x_wconf 93' lang='lat' dir='ltr'>quod</span> <span class='ocrx_word' id='word_1_148' title='bbox 362 2691 505 2754; x_wconf 90' lang='lat' dir='ltr'>manus,</span> <span class='ocrx_word' id='word_1_149' title='bbox 524 2684 638 2764; x_wconf 91' lang='lat' dir='ltr'>atque</span> <span class='ocrx_word' id='word_1_150' title='bbox 652 2662 789 2763; x_wconf 88' lang='lat' dir='ltr'>lingua,</span> <span class='ocrx_word' id='word_1_151' title='bbox 805 2665 977 2763; x_wconf 89' lang='lat' dir='ltr'>perjurio,</span> <span class='ocrx_word' id='word_1_152' title='bbox 995 2682 1033 2738; x_wconf 92' lang='lat' dir='ltr'>et</span> <span class='ocrx_word' id='word_1_153' title='bbox 1051 2667 1235 2766; x_wconf 85' lang='lat' dir='ltr'>sanguine</span> <span class='ocrx_word' id='word_1_154' title='bbox 1252 2665 1351 2741; x_wconf 92' lang='lat' dir='ltr'>civili</span> <span class='ocrx_word' id='word_1_155' title='bbox 1365 2666 1509 2758; x_wconf 70' lang='lat' dir='ltr'>alebat,</span> 
     </span>
     <span class='ocr_line' id='line_1_21' title="bbox 244 2782 1510 2883; baseline 0.003 -25"><span class='ocrx_word' id='word_1_156' title='bbox 244 2804 445 2882; x_wconf 87' lang='lat' dir='ltr'>postremo,</span> <span class='ocrx_word' id='word_1_157' title='bbox 467 2809 609 2868; x_wconf 86' lang='lat' dir='ltr'>omnes,</span> <span class='ocrx_word' id='word_1_158' title='bbox 630 2808 726 2880; x_wconf 92' lang='lat' dir='ltr'>quos</span> <span class='ocrx_word' id='word_1_159' title='bbox 754 2782 945 2883; x_wconf 88' lang='lat' dir='ltr'>flagitium,</span> <span class='ocrx_word' id='word_1_160' title='bbox 973 2801 1134 2883; x_wconf 84' lang='lat' dir='ltr'>egestas,</span> <span class='ocrx_word' id='word_1_161' title='bbox 1161 2785 1333 2860; x_wconf 89' lang='lat' dir='ltr'>conscius</span> <span class='ocrx_word' id='word_1_162' title='bbox 1358 2786 1510 2862; x_wconf 88' lang='lat' dir='ltr'>animus</span> 
     </span>
     <span class='ocr_line' id='line_1_22' title="bbox 244 2896 1508 3002; baseline 0.002 -24"><span class='ocrx_word' id='word_1_163' title='bbox 244 2904 469 3002; x_wconf 86' lang='lat' dir='ltr'>exagitabat,</span> <span class='ocrx_word' id='word_1_164' title='bbox 496 2901 532 2975; x_wconf 91' lang='lat' dir='ltr'>hi</span> <span class='ocrx_word' id='word_1_165' title='bbox 566 2896 737 2977; x_wconf 87' lang='lat' dir='ltr'>Catilinae</span> <span class='ocrx_word' id='word_1_166' title='bbox 760 2902 919 2999; x_wconf 90' lang='lat' dir='ltr'>proximi</span> <span class='ocrx_word' id='word_1_167' title='bbox 947 2901 1220 3002; x_wconf 79' lang='lat' dir='ltr'>familiaresque</span> <span class='ocrx_word' id='word_1_168' title='bbox 1247 2923 1364 2979; x_wconf 89' lang='lat' dir='ltr'>erant.</span> <span class='ocrx_word' id='word_1_169' title='bbox 1390 2904 1508 3000; x_wconf 79' lang='lat' dir='ltr'>Quod</span> 
     </span>
     <span class='ocr_line' id='line_1_23' title="bbox 244 3017 1504 3120; baseline 0.001 -25"><span class='ocrx_word' id='word_1_170' title='bbox 244 3022 275 3095; x_wconf 94' lang='lat' dir='ltr'>si</span> <span class='ocrx_word' id='word_1_171' title='bbox 294 3022 377 3120; x_wconf 94' lang='lat' dir='ltr'>quis</span> <span class='ocrx_word' id='word_1_172' title='bbox 410 3021 521 3095; x_wconf 91' lang='lat' dir='ltr'>etiam</span> <span class='ocrx_word' id='word_1_173' title='bbox 551 3046 573 3094; x_wconf 88' lang='lat' dir='ltr'>a</span> <span class='ocrx_word' id='word_1_174' title='bbox 604 3017 712 3116; x_wconf 91' lang='lat' dir='ltr'>culpa</span> <span class='ocrx_word' id='word_1_175' title='bbox 744 3045 883 3093; x_wconf 91' lang='lat' dir='ltr'>vacuus</span> <span class='ocrx_word' id='word_1_176' title='bbox 908 3019 945 3092; x_wconf 95' lang='lat' dir='ltr'>in</span> <span class='ocrx_word' id='word_1_177' title='bbox 974 3020 1174 3095; x_wconf 89' lang='lat' dir='ltr'>amicitiam</span> <span class='ocrx_word' id='word_1_178' title='bbox 1201 3021 1282 3119; x_wconf 85' lang='lat' dir='ltr'>ejus</span> <span class='ocrx_word' id='word_1_179' title='bbox 1311 3021 1504 3108; x_wconf 89' lang='lat' dir='ltr'>inciderat,</span> 
     </span>
     <span class='ocr_line' id='line_1_24' title="bbox 244 3136 1507 3238; baseline 0.002 -25"><span class='ocrx_word' id='word_1_180' title='bbox 244 3139 462 3238; x_wconf 88' lang='lat' dir='ltr'>quotidiano</span> <span class='ocrx_word' id='word_1_181' title='bbox 481 3164 560 3223; x_wconf 93' lang='lat' dir='ltr'>usu,</span> <span class='ocrx_word' id='word_1_182' title='bbox 587 3157 701 3236; x_wconf 92' lang='lat' dir='ltr'>atque</span> <span class='ocrx_word' id='word_1_183' title='bbox 720 3136 903 3211; x_wconf 91' lang='lat' dir='ltr'>illecebris</span> <span class='ocrx_word' id='word_1_184' title='bbox 922 3137 1028 3211; x_wconf 90' lang='lat' dir='ltr'>facile</span> <span class='ocrx_word' id='word_1_185' title='bbox 1048 3163 1124 3235; x_wconf 89' lang='lat' dir='ltr'>par,</span> <span class='ocrx_word' id='word_1_186' title='bbox 1144 3140 1353 3238; x_wconf 90' lang='lat' dir='ltr'>similisque</span> <span class='ocrx_word' id='word_1_187' title='bbox 1370 3140 1507 3215; x_wconf 90' lang='lat' dir='ltr'>ceteris</span> 
     </span>
     <span class='ocr_line' id='line_1_25' title="bbox 244 3253 1506 3355; baseline 0.001 -23"><span class='ocrx_word' id='word_1_188' title='bbox 244 3256 484 3332; x_wconf 85' lang='lat' dir='ltr'>efficiebatur.</span> <span class='ocrx_word' id='word_1_189' title='bbox 507 3256 584 3330; x_wconf 87' lang='lat' dir='ltr'>Sed</span> <span class='ocrx_word' id='word_1_190' title='bbox 605 3255 766 3330; x_wconf 89' lang='lat' dir='ltr'>maxime</span> <span class='ocrx_word' id='word_1_191' title='bbox 785 3253 1078 3329; x_wconf 90' lang='lat' dir='ltr'>adolescentium</span> <span class='ocrx_word' id='word_1_192' title='bbox 1100 3256 1367 3332; x_wconf 81' lang='lat' dir='ltr'>familiaritates</span> <span class='ocrx_word' id='word_1_193' title='bbox 1390 3283 1506 3355; x_wconf 88' lang='lat' dir='ltr'>appe·</span> 
     </span>
     <span class='ocr_line' id='line_1_26' title="bbox 244 3372 1507 3462; baseline 0 -12"><span class='ocrx_word' id='word_1_194' title='bbox 244 3375 364 3462; x_wconf 82' lang='lat' dir='ltr'>tebat3</span> <span class='ocrx_word' id='word_1_195' title='bbox 384 3400 512 3449; x_wconf 91' lang='lat' dir='ltr'>eorum</span> <span class='ocrx_word' id='word_1_196' title='bbox 532 3373 645 3447; x_wconf 90' lang='lat' dir='ltr'>animi</span> <span class='ocrx_word' id='word_1_197' title='bbox 665 3372 806 3460; x_wconf 77' lang='lat' dir='ltr'>molleS,</span> <span class='ocrx_word' id='word_1_198' title='bbox 823 3391 860 3447; x_wconf 91' lang='lat' dir='ltr'>et</span> <span class='ocrx_word' id='word_1_199' title='bbox 878 3391 989 3448; x_wconf 88' lang='lat' dir='ltr'>aetate</span> <span class='ocrx_word' id='word_1_200' title='bbox 1009 3374 1108 3461; x_wconf 86' lang='lat' dir='ltr'>fluxi,</span> <span class='ocrx_word' id='word_1_201' title='bbox 1128 3373 1223 3449; x_wconf 92' lang='lat' dir='ltr'>dolis</span> <span class='ocrx_word' id='word_1_202' title='bbox 1238 3375 1337 3449; x_wconf 91' lang='lat' dir='ltr'>haud</span> <span class='ocrx_word' id='word_1_203' title='bbox 1350 3374 1507 3450; x_wconf 88' lang='lat' dir='ltr'>difficul-</span> 
     </span>
     <span class='ocr_line' id='line_1_27' title="bbox 245 3491 1506 3591; baseline -0.001 -23"><span class='ocrx_word' id='word_1_204' title='bbox 245 3514 301 3568; x_wconf 92' lang='lat' dir='ltr'>ter</span> <span class='ocrx_word' id='word_1_205' title='bbox 319 3492 572 3590; x_wconf 89' lang='lat' dir='ltr'>capiebantur.</span> <span class='ocrx_word' id='word_1_206' title='bbox 596 3493 707 3578; x_wconf 90' lang='lat' dir='ltr'>Nam,</span> <span class='ocrx_word' id='word_1_207' title='bbox 730 3492 781 3564; x_wconf 93' lang='lat' dir='ltr'>uti</span> <span class='ocrx_word' id='word_1_208' title='bbox 802 3491 981 3589; x_wconf 88' lang='lat' dir='ltr'>cujusque</span> <span class='ocrx_word' id='word_1_209' title='bbox 1000 3492 1164 3565; x_wconf 86' lang='lat' dir='ltr'>studium</span> <span class='ocrx_word' id='word_1_210' title='bbox 1179 3518 1225 3567; x_wconf 86' lang='lat' dir='ltr'>ex</span> <span class='ocrx_word' id='word_1_211' title='bbox 1243 3512 1356 3567; x_wconf 85' lang='lat' dir='ltr'>aetate</span> <span class='ocrx_word' id='word_1_212' title='bbox 1374 3492 1506 3591; x_wconf 83' lang='lat' dir='ltr'>flagra·</span> 
     </span>
     <span class='ocr_line' id='line_1_28' title="bbox 244 3606 1507 3708; baseline 0.003 -25"><span class='ocrx_word' id='word_1_213' title='bbox 244 3610 317 3695; x_wconf 89' lang='lat' dir='ltr'>bat,</span> <span class='ocrx_word' id='word_1_214' title='bbox 339 3610 420 3684; x_wconf 90' lang='lat' dir='ltr'>aliis</span> <span class='ocrx_word' id='word_1_215' title='bbox 438 3628 562 3685; x_wconf 89' lang='lat' dir='ltr'>scorta</span> <span class='ocrx_word' id='word_1_216' title='bbox 581 3609 772 3707; x_wconf 79' lang='lat' dir='ltr'>praebere:</span> <span class='ocrx_word' id='word_1_217' title='bbox 795 3606 875 3682; x_wconf 91' lang='lat' dir='ltr'>aliis</span> <span class='ocrx_word' id='word_1_218' title='bbox 894 3634 1016 3694; x_wconf 92' lang='lat' dir='ltr'>canes,</span> <span class='ocrx_word' id='word_1_219' title='bbox 1037 3628 1151 3707; x_wconf 89' lang='lat' dir='ltr'>atque</span> <span class='ocrx_word' id='word_1_220' title='bbox 1176 3636 1294 3708; x_wconf 92' lang='lat' dir='ltr'>equos</span> <span class='ocrx_word' id='word_1_221' title='bbox 1322 3612 1507 3687; x_wconf 89' lang='lat' dir='ltr'>mercari:</span> 
     </span>
     <span class='ocr_line' id='line_1_29' title="bbox 243 3726 1504 3827; baseline -0.001 -24"><span class='ocrx_word' id='word_1_222' title='bbox 243 3748 434 3826; x_wconf 87' lang='lat' dir='ltr'>postremo</span> <span class='ocrx_word' id='word_1_223' title='bbox 453 3755 574 3827; x_wconf 90' lang='lat' dir='ltr'>neque</span> <span class='ocrx_word' id='word_1_224' title='bbox 593 3726 758 3823; x_wconf 90' lang='lat' dir='ltr'>sumptui</span> <span class='ocrx_word' id='word_1_225' title='bbox 778 3751 899 3823; x_wconf 87' lang='lat' dir='ltr'>neque</span> <span class='ocrx_word' id='word_1_226' title='bbox 919 3727 1114 3802; x_wconf 84' lang='lat' dir='ltr'>modestiae</span> <span class='ocrx_word' id='word_1_227' title='bbox 1132 3754 1209 3802; x_wconf 87' lang='lat' dir='ltr'>suae</span> <span class='ocrx_word' id='word_1_228' title='bbox 1228 3753 1390 3826; x_wconf 86' lang='lat' dir='ltr'>parcere,</span> <span class='ocrx_word' id='word_1_229' title='bbox 1413 3727 1504 3803; x_wconf 91' lang='lat' dir='ltr'>dum</span> 
     </span>
     <span class='ocr_line' id='line_1_30' title="bbox 243 3842 1085 3942; baseline -0.002 -23"><span class='ocrx_word' id='word_1_230' title='bbox 243 3845 325 3920; x_wconf 91' lang='lat' dir='ltr'>illos</span> <span class='ocrx_word' id='word_1_231' title='bbox 344 3846 539 3930; x_wconf 88' lang='lat' dir='ltr'>obnoxios,</span> <span class='ocrx_word' id='word_1_232' title='bbox 561 3843 731 3941; x_wconf 85' lang='lat' dir='ltr'>fidosque</span> <span class='ocrx_word' id='word_1_233' title='bbox 750 3843 820 3916; x_wconf 92' lang='lat' dir='ltr'>sibi</span> <span class='ocrx_word' id='word_1_234' title='bbox 840 3842 977 3917; x_wconf 89' lang='lat' dir='ltr'>faceret</span> <span class='ocrx_word' id='word_1_235' title='bbox 997 3843 1055 3942; x_wconf 81' lang='lat'>(¹).</span> <span class='ocrx_word' id='word_1_236' title='bbox 1068 3844 1085 3872; x_wconf 89' lang='lat'><strong>”</strong></span> 
     </span>
    </p>

    <p class='ocr_par' dir='ltr' id='par_1_5' title="bbox 241 3959 1503 4269">
     <span class='ocr_line' id='line_1_31' title="bbox 296 3959 1503 4057; baseline 0.002 -23"><span class='ocrx_word' id='word_1_237' title='bbox 296 3962 396 4035; x_wconf 92' lang='lat' dir='ltr'>Huic</span> <span class='ocrx_word' id='word_1_238' title='bbox 415 3959 654 4057; x_wconf 91' lang='lat' dir='ltr'>descriptioni</span> <span class='ocrx_word' id='word_1_239' title='bbox 684 3959 782 4032; x_wconf 92' lang='lat' dir='ltr'>haud</span> <span class='ocrx_word' id='word_1_240' title='bbox 805 3960 984 4034; x_wconf 90' lang='lat' dir='ltr'>absimilis</span> <span class='ocrx_word' id='word_1_241' title='bbox 1003 3963 1151 4036; x_wconf 90' lang='lat' dir='ltr'>videtur</span> <span class='ocrx_word' id='word_1_242' title='bbox 1168 3983 1321 4037; x_wconf 89' lang='lat' dir='ltr'>caterva</span> <span class='ocrx_word' id='word_1_243' title='bbox 1339 3963 1503 4037; x_wconf 91' lang='lat' dir='ltr'>virorum</span> 
     </span>
     <span class='ocr_line' id='line_1_32' title="bbox 242 4077 1502 4175; baseline 0.004 -25"><span class='ocrx_word' id='word_1_244' title='bbox 242 4102 353 4175; x_wconf 91' lang='lat' dir='ltr'>quam</span> <span class='ocrx_word' id='word_1_245' title='bbox 375 4096 477 4153; x_wconf 90' lang='lat' dir='ltr'>secta</span> <span class='ocrx_word' id='word_1_246' title='bbox 500 4077 716 4151; x_wconf 88' lang='lat' dir='ltr'>Massonica</span> <span class='ocrx_word' id='word_1_247' title='bbox 735 4095 912 4175; x_wconf 89' lang='lat' dir='ltr'>tanquam</span> <span class='ocrx_word' id='word_1_248' title='bbox 932 4078 1002 4152; x_wconf 91' lang='lat' dir='ltr'>sibi</span> <span class='ocrx_word' id='word_1_249' title='bbox 1030 4080 1313 4155; x_wconf 88' lang='lat' dir='ltr'>devotissimam</span> <span class='ocrx_word' id='word_1_250' title='bbox 1342 4083 1502 4156; x_wconf 91' lang='lat' dir='ltr'>Romam</span> 
     </span>
     <span class='ocr_line' id='line_1_33' title="bbox 241 4195 444 4269; baseline 0.005 -2"><span class='ocrx_word' id='word_1_251' title='bbox 241 4195 444 4269; x_wconf 89' lang='lat' dir='ltr'>arcessivit.</span> 
     </span>
    </p>

    <p class='ocr_par' dir='ltr' id='par_1_6' title="bbox 239 4311 1501 4531">
     <span class='ocr_line' id='line_1_34' title="bbox 242 4311 1501 4410; baseline 0.01 -26"><span class='ocrx_word' id='word_1_252' title='bbox 242 4360 246 4367; x_wconf 85' lang='lat'>·</span> <span class='ocrx_word' id='word_1_253' title='bbox 295 4312 390 4387; x_wconf 84' lang='lat' dir='ltr'>Haec</span> <span class='ocrx_word' id='word_1_254' title='bbox 415 4332 539 4387; x_wconf 90' lang='lat' dir='ltr'>autem</span> <span class='ocrx_word' id='word_1_255' title='bbox 569 4314 736 4387; x_wconf 90' lang='lat' dir='ltr'>satanica</span> <span class='ocrx_word' id='word_1_256' title='bbox 754 4311 1022 4410; x_wconf 89' lang='lat' dir='ltr'>primipilorum</span> <span class='ocrx_word' id='word_1_257' title='bbox 1052 4317 1272 4393; x_wconf 89' lang='lat' dir='ltr'>Massonum</span> <span class='ocrx_word' id='word_1_258' title='bbox 1293 4320 1404 4395; x_wconf 90' lang='lat' dir='ltr'>factio</span> <span class='ocrx_word' id='word_1_259' title='bbox 1429 4341 1501 4410; x_wconf 88' lang='lat' dir='ltr'>est,</span> 
     </span>
     <span class='ocr_line' id='line_1_35' title="bbox 239 4432 1500 4531; baseline 0.006 -28"><span class='ocrx_word' id='word_1_260' title='bbox 239 4455 324 4528; x_wconf 86' lang='lat' dir='ltr'>quae</span> <span class='ocrx_word' id='word_1_261' title='bbox 344 4455 546 4529; x_wconf 90' lang='lat' dir='ltr'>numquam</span> <span class='ocrx_word' id='word_1_262' title='bbox 576 4432 782 4529; x_wconf 90' lang='lat' dir='ltr'>quiescens,</span> <span class='ocrx_word' id='word_1_263' title='bbox 816 4432 905 4529; x_wconf 89' lang='lat' dir='ltr'>quin</span> <span class='ocrx_word' id='word_1_264' title='bbox 936 4433 1028 4505; x_wconf 89' lang='lat' dir='ltr'>sciat</span> <span class='ocrx_word' id='word_1_265' title='bbox 1055 4435 1144 4531; x_wconf 92' lang='lat' dir='ltr'>quid</span> <span class='ocrx_word' id='word_1_266' title='bbox 1174 4435 1303 4513; x_wconf 91' lang='lat' dir='ltr'>ultimo</span> <span class='ocrx_word' id='word_1_267' title='bbox 1335 4439 1500 4524; x_wconf 90' lang='lat' dir='ltr'>tandem,</span> 
     </span>
    </p>
   </div>
   <div class='ocr_carea' id='block_1_4' title="bbox 243 4578 365 4586">
    <p class='ocr_par' dir='ltr' id='par_1_7' title="bbox 243 4578 365 4586">
     <span class='ocr_line' id='line_1_36' title="bbox 243 4578 365 4586; baseline 0.008 -1"><span class='ocrx_word' id='word_1_268' title='bbox 243 4578 365 4586; x_wconf 70' lang='lat' dir='ltr'>——u———-</span> 
     </span>
    </p>
   </div>
   <div class='ocr_carea' id='block_1_5' title="bbox 276 4647 1501 4726">
    <p class='ocr_par' dir='ltr' id='par_1_8' title="bbox 276 4647 1501 4726">
     <span class='ocr_line' id='line_1_37' title="bbox 276 4647 1501 4726; baseline 0.007 -23"><span class='ocrx_word' id='word_1_269' title='bbox 276 4661 299 4703; x_wconf 88' lang='lat'>1.</span> <span class='ocrx_word' id='word_1_270' title='bbox 319 4649 351 4704; x_wconf 89' lang='lat' dir='ltr'>C.</span> <span class='ocrx_word' id='word_1_271' title='bbox 365 4647 458 4719; x_wconf 88' lang='lat' dir='ltr'>Crispi</span> <span class='ocrx_word' id='word_1_272' title='bbox 473 4650 590 4707; x_wconf 83' lang='lat' dir='ltr'>Salustii</span> <span class='ocrx_word' id='word_1_273' title='bbox 604 4652 716 4707; x_wconf 87' lang='lat' dir='ltr'>Bellum</span> <span class='ocrx_word' id='word_1_274' title='bbox 730 4648 935 4707; x_wconf 75' lang='lat' dir='ltr'>catilinarium.</span> <span class='ocrx_word' id='word_1_275' title='bbox 945 4680 980 4689; x_wconf 94' lang='lat'>—</span> <span class='ocrx_word' id='word_1_276' title='bbox 989 4650 1501 4726; x_wconf 70' lang='lat' dir='ltr'>Amstelodami-Palmcrii,n.&#39;14</span> 
     </span>
    </p>
   </div>
   <div class='ocr_carea' id='block_1_6' title="bbox 0 0 1752 5482">
    <p class='ocr_par' dir='ltr' id='par_1_9' title="bbox 0 0 1752 5482">
     <span class='ocr_line' id='line_1_38' title="bbox 0 0 1752 5482; baseline 0 4"><span class='ocrx_word' id='word_1_277' title='bbox 0 0 1752 5482; x_wconf 95' lang='lat' dir='ltr'> </span> 
     </span>
    </p>
   </div>
  </div>
 </body>
</html>
