3496 5482
250 538 317 606 166
658 555 749 605 rnna
778 555 837 606 sm
866 556 940 605 unx
971 555 1097 606 noun.

684 662 826 667 ...-—-——.
850 661 1124 668 ...ἓ--..ῳ

245 715 386 813 saepius
406 734 493 791 ante
522 716 627 792 factis
655 717 702 791 de
724 717 952 791 Patrimonio
974 718 1015 791 B.
1040 717 1138 792 Petri
1158 743 1264 791 sacro
1298 736 1336 792 et
1366 719 1506 793 intacto

242 838 511 925 conservando,
533 838 702 936 protinus
716 837 877 935 reliquas
898 837 1177 912 Dominationis
1191 838 1230 912 S.
1249 837 1361 913 Sedis
1376 856 1503 924 terras,

247 957 485 1054 Romamque
504 957 621 1052 ipsam
653 956 830 1030 invadere
849 974 887 1029 et
906 957 943 1030 in
962 981 1068 1029 suam
1090 973 1316 1052 potestatem
1336 957 1506 1056 redigere

242 1074 489 1149 decreverunt
512 1074 713 1148 Massones
732 1074 837 1173 regni
860 1071 978 1147 Italici
998 1071 1052 1173 (¹).

296 1192 379 1266 Nec
399 1191 483 1266 huic
499 1192 646 1266 infamae
666 1191 867 1288 proditioni
884 1191 1051 1287 proditor
1070 1190 1191 1265 defuit
1205 1173 1505 1266 Victor-Emma-

245 1310 330 1386 nuel
348 1311 412 1409 qui
432 1312 540 1410 Judae
562 1311 751 1384 Iscariotae
770 1329 895 1408 partes
913 1328 1055 1411 ageret.

296 1430 370 1505 Die
389 1432 528 1505 etenim
548 1435 569 1504 8
590 1431 823 1527 Septembris
850 1431 887 1503 in
911 1431 1070 1527 epistola
1088 1456 1156 1529 per
1189 1448 1376 1506 oratorem
1395 1457 1503 1506 suum

251 1548 417 1622 Pontifici
437 1549 582 1635 tradita,
602 1547 716 1647 longo
736 1547 930 1645 fallacique
948 1549 1149 1623 verborum
1168 1548 1321 1635 ambitu,
1341 1568 1504 1624 ostenta-

244 1667 292 1744 tis
326 1667 485 1740 amantis
520 1666 583 1740 filii
613 1685 651 1740 et
670 1667 748 1740 veri
780 1665 955 1740 catholici
983 1666 1108 1753 titulis,
1141 1692 1370 1763 causamque
1388 1693 1505 1765 agens

246 1783 380 1887 publici
400 1785 551 1871 ordiniS,
572 1785 647 1858 imo
671 1783 914 1859 Pontificatus
934 1784 1050 1882 ipsius
1069 1802 1106 1858 et
1122 1811 1236 1858 sacrae
1255 1785 1310 1858 Pii
1335 1785 1393 1858 IX
1424 1810 1505 1881 per-

245 1928 348 1979 sonae
380 1901 575 1976 servandae
605 1919 787 1999 praetextu
808 1902 927 1987 nixus,
961 1902 1049 1976 illud
1079 1928 1100 1976 a
1138 1902 1318 1977 Pontifice
1349 1928 1505 2000 poscere

243 2027 355 2096 ausus
377 2038 434 2095 est
466 2045 513 2094 ne
531 2019 672 2094 scilicet
698 2018 914 2116 temporalis
931 2045 1008 2094 suae
1038 2022 1236 2118 potestatis
1268 2021 1503 2095 eversionem

244 2137 347 2214 velut
376 2127 505 2213 hostile
530 2164 661 2212 ausum
680 2137 739 2212 vel
770 2138 911 2212 facinus
940 2139 1127 2213 aestimare
1150 2139 1368 2237 dignaretur
1389 2138 1501 2236 Papa,
1528 2227 1529 2230 Ἴ

244 2303 295 2316 -
313 2275 427 2355 utque
440 2256 536 2330 ultro
554 2256 686 2330 eadem
707 2274 894 2353 potestate
912 2256 1073 2343 cederet,
1090 2301 1140 2312 —
1154 2275 1270 2353 utque
1289 2256 1400 2355 plane
1417 2282 1504 2331 con·

244 2375 376 2452 fideret
407 2375 672 2475 sponsionibus
708 2360 923 2474 ceteroquin
960 2374 1127 2449 futilibus
1164 2377 1212 2448 ab
1245 2376 1328 2473 ipso
1357 2375 1502 2461 oblatis,

243 2495 379 2593 quibus
408 2494 692 2569 conciliarentur
710 2512 798 2568 vota
816 2493 1040 2591 populorum
1059 2519 1144 2567 cum
1176 2493 1358 2591 spirituali
1381 2512 1505 2568 aucto·

244 2614 352 2690 ritate
372 2632 409 2688 et
426 2612 598 2687 libertate
616 2637 660 2684 ac
678 2637 855 2708 supremo
868 2613 954 2710 jure
976 2612 1139 2685 Romani
1162 2611 1353 2686 Pontificis
1372 2609 1426 2711 (²).

297 2730 523 2806 Declarabat
545 2739 565 2768 ‘⁸
586 2729 786 2804 nationalia
805 2749 894 2803 vota
912 2730 1008 2804 adeo
1027 2729 1283 2808 exardescere.
1305 2747 1502 2827 tantopere

244 2869 402 2926 aestuare
430 2849 639 2934 factionem,
671 2873 754 2922 eam
774 2848 980 2945 praesertim
1011 2873 1097 2945 quae
1131 2857 1151 2886 “
1184 2857 1330 2921 actuosa
1363 2847 1380 2874 ”
1406 2848 1504 2922 dice-

244 2968 360 3054 batur,
383 2987 421 3041 ut
442 2966 700 3050 Florentinum
729 2965 962 3064 gubernium,
983 2991 1066 3038 cum
1087 2964 1166 3038 hoec
1198 2965 1323 3039 omnia
1356 2990 1503 3063 compe·

243 3114 346 3163 scere
362 3087 541 3185 nequiret,
564 3087 721 3160 invitum
740 3087 846 3184 quasi
866 3096 1056 3184 cogeretur
1075 3086 1236 3159 Romam
1250 3084 1504 3181 reliquamque

244 3209 418 3282 territorii
437 3227 581 3304 partem
602 3205 809 3306 invadere(
827 3205 850 3304 ).
872 3207 889 3234 ”
910 3252 959 3261 -
978 3206 1014 3281 Ο
1038 3205 1236 3279 iscariota!
1255 3250 1305 3262 -
1319 3205 1355 3280 Ο
1369 3205 1505 3279 nebulo

245 3325 401 3424 insignis
416 3342 453 3399 et
468 3324 595 3422 praedo
610 3324 715 3421 regio
728 3349 853 3421 panno
868 3324 1059 3398 involutus
1072 3341 1110 3397 et
1122 3322 1334 3397 diademate
1348 3323 1504 3397 cinctus!

300 3443 561 3540 Responsione
581 3441 627 3514 ad
660 3466 788 3539 regem
818 3440 915 3528 data,
938 3441 1095 3540 injustas
1119 3442 1201 3539 ejus
1232 3439 1505 3537 postulationes

245 3561 458 3658 reprobavit
477 3559 733 3633 sanctissimus
756 3561 839 3633 Rex
858 3580 896 3633 et
918 3560 1103 3646 Pontifex,
1124 3560 1175 3632 ita
1196 3576 1320 3632 tamen
1340 3577 1380 3633 ut
1405 3584 1505 3632 acer·

245 3681 332 3754 bum
352 3680 520 3755 dolorem
536 3705 644 3753 suum
660 3699 825 3776 paternae
839 3678 1009 3752 charitati
1023 3678 1262 3775 conjunctum
1276 3677 1503 3751 ostenderet.

294 3814 355 3875 20.
378 3811 398 3838 “
421 3799 539 3873 Hisce
569 3818 694 3871 autem
726 3797 856 3872 litteris
886 3798 1052 3872 nondum
1084 3799 1130 3870 ad
1164 3798 1310 3894 Regem
1339 3796 1501 3891 perlatis,

244 3918 363 4015 inquit
393 3918 480 3991 Pius
503 3916 571 4002 IX,
591 3917 639 3989 ab
657 3916 738 4015 ejus
770 3916 911 3989 interea
939 3915 1104 3990 exercitu
1132 3913 1333 4011 pontificiae
1366 3933 1502 3988 nostrae

243 4038 395 4111 ditionis
413 4038 562 4110 intactae
590 4035 770 4109 hactenus
800 4052 838 4109 et
870 4034 1033 4132 pacificae
1061 4035 1172 4107 urbes
1204 4050 1394 4129 occupatae
1427 4031 1502 4105 fue-

243 4174 327 4228 runt
344 4183 351 4243 ;
370 4181 412 4228 ac
427 4153 532 4227 brevi
546 4152 682 4227 deinde
694 4152 875 4225 infaustus
891 4151 950 4225 ille
964 4151 1045 4225 dies
1061 4151 1294 4247 Septembris
1308 4175 1356 4225 20
1372 4150 1500 4237 illuxit,

241 4300 316 4373 quo
348 4274 443 4349 hanc
465 4274 622 4358 Urbem,
646 4272 916 4370 Apostolorum
939 4271 1119 4368 Principis
1150 4272 1289 4358 sedern,
1311 4270 1502 4345 catholicae

241 4394 430 4492 religionis
459 4410 638 4478 centrum,
659 4393 899 4490 omniumque
926 4392 1096 4492 gentium
1129 4391 1350 4489 perfugium,
1375 4390 1500 4465 multis

1442 4519 1493 4526 -—-

280 4573 301 4612 1.
322 4553 439 4626 Encycl.
457 4574 464 4610 1
485 4560 558 4611 Nor.
577 4558 652 4623 1870.

277 4651 301 4690 2.
323 4636 395 4691 lbid.

279 4713 444 4788 3.1Protest.
458 4716 565 4771 cardin.
579 4715 733 4783 Antonelli,
747 4729 781 4768 20
795 4716 871 4783 Sept.
889 4716 964 4780 1870.
