<?xml version="1.0" encoding="UTF-8"?>
<!DOCTYPE html PUBLIC "-//W3C//DTD XHTML 1.0 Transitional//EN"
    "http://www.w3.org/TR/xhtml1/DTD/xhtml1-transitional.dtd">
<html xmlns="http://www.w3.org/1999/xhtml" xml:lang="en" lang="en">
 <head>
  <title>
</title>
<meta http-equiv="Content-Type" content="text/html;charset=utf-8" />
  <meta name='ocr-system' content='tesseract 3.04.00' />
  <meta name='ocr-capabilities' content='ocr_page ocr_carea ocr_par ocr_line ocrx_word'/>
</head>
<body>
  <div class='ocr_page' id='page_1' title='image "./papasitrexromae00godtgoog_0291.png"; bbox 0 0 3496 5482; ppageno 0'>
   <div class='ocr_carea' id='block_1_1' title="bbox 256 469 1271 482">
    <p class='ocr_par' dir='ltr' id='par_1_1' title="bbox 256 469 1271 482">
     <span class='ocr_line' id='line_1_1' title="bbox 256 469 1271 482; baseline -0.003 -3"><span class='ocrx_word' id='word_1_1' title='bbox 256 469 780 482; x_wconf 61' lang='lat'>...-.-..-——---—----—---———</span> <span class='ocrx_word' id='word_1_2' title='bbox 1049 469 1271 475; x_wconf 36' lang='lat' dir='ltr'>---·-0—-„a-.</span> 
     </span>
    </p>
   </div>
   <div class='ocr_carea' id='block_1_2' title="bbox 253 518 1098 603">
    <p class='ocr_par' dir='ltr' id='par_1_2' title="bbox 253 518 1098 603">
     <span class='ocr_line' id='line_1_2' title="bbox 253 518 1098 603; baseline -0.005 -18"><span class='ocrx_word' id='word_1_3' title='bbox 253 518 325 603; x_wconf 88' lang='lat'><em>276·</em></span> <span class='ocrx_word' id='word_1_4' title='bbox 661 532 753 580; x_wconf 73' lang='lat' dir='ltr'>rnen</span> <span class='ocrx_word' id='word_1_5' title='bbox 781 531 840 578; x_wconf 82' lang='lat' dir='ltr'>srr</span> <span class='ocrx_word' id='word_1_6' title='bbox 867 531 942 580; x_wconf 75' lang='lat' dir='ltr'>nex</span> <span class='ocrx_word' id='word_1_7' title='bbox 971 530 1098 582; x_wconf 70' lang='lat' dir='ltr'>norun.</span> 
     </span>
    </p>
   </div>
   <div class='ocr_carea' id='block_1_3' title="bbox 249 637 917 647">
    <p class='ocr_par' dir='ltr' id='par_1_3' title="bbox 249 637 917 647">
     <span class='ocr_line' id='line_1_3' title="bbox 249 637 917 647; baseline -0.007 0"><span class='ocrx_word' id='word_1_8' title='bbox 249 640 385 647; x_wconf 67' lang='lat'>——---</span> <span class='ocrx_word' id='word_1_9' title='bbox 394 641 420 647; x_wconf 76' lang='lat'><em>...-</em></span> <span class='ocrx_word' id='word_1_10' title='bbox 432 642 437 646; x_wconf 77' lang='grc'><em>.</em></span> <span class='ocrx_word' id='word_1_11' title='bbox 451 641 527 647; x_wconf 70' lang='lat'><em>-..-.‹</em></span> <span class='ocrx_word' id='word_1_12' title='bbox 546 640 657 645; x_wconf 37' lang='lat' dir='ltr'>m-fflffl</span> <span class='ocrx_word' id='word_1_13' title='bbox 830 637 917 643; x_wconf 78' lang='lat'><em>-·--...</em></span> 
     </span>
    </p>
   </div>
   <div class='ocr_carea' id='block_1_4' title="bbox 246 692 1610 1734">
    <p class='ocr_par' dir='ltr' id='par_1_4' title="bbox 246 692 1610 1734">
     <span class='ocr_line' id='line_1_4' title="bbox 248 692 1509 794; baseline 0.001 -26"><span class='ocrx_word' id='word_1_14' title='bbox 248 695 353 794; x_wconf 88' lang='lat' dir='ltr'>regni</span> <span class='ocrx_word' id='word_1_15' title='bbox 376 694 491 768; x_wconf 84' lang='lat' dir='ltr'>ltaliae</span> <span class='ocrx_word' id='word_1_16' title='bbox 509 694 571 792; x_wconf 92' lang='lat' dir='ltr'>qui</span> <span class='ocrx_word' id='word_1_17' title='bbox 591 693 638 767; x_wconf 94' lang='lat' dir='ltr'>ad</span> <span class='ocrx_word' id='word_1_18' title='bbox 661 694 821 767; x_wconf 89' lang='lat' dir='ltr'>Romam</span> <span class='ocrx_word' id='word_1_19' title='bbox 850 692 1097 767; x_wconf 85' lang='lat' dir='ltr'>obsidendam</span> <span class='ocrx_word' id='word_1_20' title='bbox 1126 695 1294 769; x_wconf 89' lang='lat' dir='ltr'>arcessiti</span> <span class='ocrx_word' id='word_1_21' title='bbox 1322 716 1439 782; x_wconf 87' lang='lat' dir='ltr'>erant,</span> <span class='ocrx_word' id='word_1_22' title='bbox 1469 696 1509 770; x_wconf 92' lang='lat' dir='ltr'>in</span> 
     </span>
     <span class='ocr_line' id='line_1_5' title="bbox 249 809 1510 908; baseline 0.003 -23"><span class='ocrx_word' id='word_1_23' title='bbox 249 831 373 888; x_wconf 92' lang='lat' dir='ltr'>mente</span> <span class='ocrx_word' id='word_1_24' title='bbox 389 813 465 898; x_wconf 87' lang='lat' dir='ltr'>fuit,</span> <span class='ocrx_word' id='word_1_25' title='bbox 479 837 525 887; x_wconf 92' lang='lat' dir='ltr'>eo</span> <span class='ocrx_word' id='word_1_26' title='bbox 537 838 577 886; x_wconf 91' lang='lat' dir='ltr'>se</span> <span class='ocrx_word' id='word_1_27' title='bbox 595 813 754 885; x_wconf 88' lang='lat' dir='ltr'>Romam</span> <span class='ocrx_word' id='word_1_28' title='bbox 768 809 927 896; x_wconf 87' lang='lat' dir='ltr'>venisse,</span> <span class='ocrx_word' id='word_1_29' title='bbox 944 811 1045 908; x_wconf 89' lang='lat' dir='ltr'>quod</span> <span class='ocrx_word' id='word_1_30' title='bbox 1063 810 1238 886; x_wconf 80' lang='lat' dir='ltr'>Pontifex</span> <span class='ocrx_word' id='word_1_31' title='bbox 1254 838 1321 886; x_wconf 90' lang='lat' dir='ltr'>eos</span> <span class='ocrx_word' id='word_1_32' title='bbox 1334 831 1510 889; x_wconf 90' lang='lat' dir='ltr'>vocasset</span> 
     </span>
     <span class='ocr_line' id='line_1_6' title="bbox 248 927 1508 1029; baseline 0.001 -24"><span class='ocrx_word' id='word_1_33' title='bbox 248 932 283 1004; x_wconf 93' lang='lat' dir='ltr'>in</span> <span class='ocrx_word' id='word_1_34' title='bbox 303 929 457 1005; x_wconf 90' lang='lat' dir='ltr'>tutelam</span> <span class='ocrx_word' id='word_1_35' title='bbox 476 946 515 1004; x_wconf 89' lang='lat' dir='ltr'>et</span> <span class='ocrx_word' id='word_1_36' title='bbox 532 930 579 1003; x_wconf 94' lang='lat' dir='ltr'>ad</span> <span class='ocrx_word' id='word_1_37' title='bbox 599 927 767 1002; x_wconf 86' lang='lat' dir='ltr'>ordinem</span> <span class='ocrx_word' id='word_1_38' title='bbox 790 928 923 1001; x_wconf 86' lang='lat' dir='ltr'>Romae</span> <span class='ocrx_word' id='word_1_39' title='bbox 942 928 1258 1014; x_wconf 88' lang='lat' dir='ltr'>constituendum,</span> <span class='ocrx_word' id='word_1_40' title='bbox 1280 930 1385 1005; x_wconf 90' lang='lat' dir='ltr'>inscii</span> <span class='ocrx_word' id='word_1_41' title='bbox 1404 957 1508 1029; x_wconf 89' lang='lat' dir='ltr'>pror-</span> 
     </span>
     <span class='ocr_line' id='line_1_7' title="bbox 247 1035 1509 1147; baseline 0.002 -24"><span class='ocrx_word' id='word_1_42' title='bbox 247 1035 310 1124; x_wconf 82' lang='lat' dir='ltr'>sus</span> <span class='ocrx_word' id='word_1_43' title='bbox 341 1075 382 1124; x_wconf 98' lang='lat' dir='ltr'>se</span> <span class='ocrx_word' id='word_1_44' title='bbox 409 1069 598 1147; x_wconf 88' lang='lat' dir='ltr'>tamquam</span> <span class='ocrx_word' id='word_1_45' title='bbox 626 1048 754 1123; x_wconf 90' lang='lat' dir='ltr'>hostes</span> <span class='ocrx_word' id='word_1_46' title='bbox 786 1047 946 1122; x_wconf 87' lang='lat' dir='ltr'>venisse.</span> <span class='ocrx_word' id='word_1_47' title='bbox 979 1046 1061 1121; x_wconf 92' lang='lat' dir='ltr'>lmo</span> <span class='ocrx_word' id='word_1_48' title='bbox 1095 1072 1231 1146; x_wconf 90' lang='lat' dir='ltr'>magna</span> <span class='ocrx_word' id='word_1_49' title='bbox 1264 1050 1509 1126; x_wconf 87' lang='lat' dir='ltr'>veneratione</span> 
     </span>
     <span class='ocr_line' id='line_1_8' title="bbox 247 1163 1610 1266; baseline -0.001 -23"><span class='ocrx_word' id='word_1_50' title='bbox 247 1167 447 1266; x_wconf 89' lang='lat' dir='ltr'>cupiebant</span> <span class='ocrx_word' id='word_1_51' title='bbox 463 1168 658 1241; x_wconf 87' lang='lat' dir='ltr'>Summum</span> <span class='ocrx_word' id='word_1_52' title='bbox 680 1165 807 1240; x_wconf 93' lang='lat' dir='ltr'>videre</span> <span class='ocrx_word' id='word_1_53' title='bbox 830 1163 1058 1250; x_wconf 89' lang='lat' dir='ltr'>Pontificem,</span> <span class='ocrx_word' id='word_1_54' title='bbox 1074 1190 1185 1261; x_wconf 89' lang='lat' dir='ltr'>quern</span> <span class='ocrx_word' id='word_1_55' title='bbox 1205 1191 1288 1239; x_wconf 90' lang='lat' dir='ltr'>cum</span> <span class='ocrx_word' id='word_1_56' title='bbox 1305 1167 1433 1241; x_wconf 88' lang='lat' dir='ltr'>videre</span> <span class='ocrx_word' id='word_1_57' title='bbox 1451 1166 1508 1242; x_wconf 88' lang='lat' dir='ltr'>eis</span> <span class='ocrx_word' id='word_1_58' title='bbox 1608 1228 1610 1232; x_wconf 93' lang='lat'>.</span> 
     </span>
     <span class='ocr_line' id='line_1_9' title="bbox 247 1281 1505 1383; baseline 0.002 -26"><span class='ocrx_word' id='word_1_59' title='bbox 247 1282 476 1380; x_wconf 88' lang='lat' dir='ltr'>impossibile</span> <span class='ocrx_word' id='word_1_60' title='bbox 488 1303 598 1368; x_wconf 89' lang='lat' dir='ltr'>esset,</span> <span class='ocrx_word' id='word_1_61' title='bbox 616 1283 828 1356; x_wconf 91' lang='lat' dir='ltr'>innumeras</span> <span class='ocrx_word' id='word_1_62' title='bbox 841 1299 1011 1356; x_wconf 92' lang='lat' dir='ltr'>emerunt</span> <span class='ocrx_word' id='word_1_63' title='bbox 1023 1281 1191 1378; x_wconf 87' lang='lat' dir='ltr'>ejusdem</span> <span class='ocrx_word' id='word_1_64' title='bbox 1206 1282 1388 1380; x_wconf 87' lang='lat' dir='ltr'>imagines</span> <span class='ocrx_word' id='word_1_65' title='bbox 1399 1309 1505 1383; x_wconf 90' lang='lat' dir='ltr'>quas,</span> 
     </span>
     <span class='ocr_line' id='line_1_10' title="bbox 247 1398 1507 1498; baseline 0.002 -23"><span class='ocrx_word' id='word_1_66' title='bbox 247 1398 394 1498; x_wconf 84' lang='lat' dir='ltr'>pietatis</span> <span class='ocrx_word' id='word_1_67' title='bbox 407 1427 527 1487; x_wconf 92' lang='lat' dir='ltr'>causa,</span> <span class='ocrx_word' id='word_1_68' title='bbox 544 1401 591 1474; x_wconf 90' lang='lat' dir='ltr'>ad</span> <span class='ocrx_word' id='word_1_69' title='bbox 606 1426 694 1475; x_wconf 92' lang='lat' dir='ltr'>suos</span> <span class='ocrx_word' id='word_1_70' title='bbox 710 1400 910 1474; x_wconf 83' lang='lat' dir='ltr'>mitterent.</span> <span class='ocrx_word' id='word_1_71' title='bbox 929 1399 987 1472; x_wconf 94' lang='lat' dir='ltr'>lta</span> <span class='ocrx_word' id='word_1_72' title='bbox 999 1399 1035 1472; x_wconf 92' lang='lat' dir='ltr'>in</span> <span class='ocrx_word' id='word_1_73' title='bbox 1051 1399 1196 1473; x_wconf 92' lang='lat' dir='ltr'>sincero</span> <span class='ocrx_word' id='word_1_74' title='bbox 1211 1418 1249 1475; x_wconf 89' lang='lat' dir='ltr'>et</span> <span class='ocrx_word' id='word_1_75' title='bbox 1264 1418 1366 1476; x_wconf 90' lang='lat' dir='ltr'>recto</span> <span class='ocrx_word' id='word_1_76' title='bbox 1380 1403 1507 1478; x_wconf 91' lang='lat' dir='ltr'>animo</span> 
     </span>
     <span class='ocr_line' id='line_1_11' title="bbox 246 1517 1508 1618; baseline 0.003 -27"><span class='ocrx_word' id='word_1_77' title='bbox 246 1517 363 1593; x_wconf 83' lang='lat' dir='ltr'>delusi</span> <span class='ocrx_word' id='word_1_78' title='bbox 383 1518 530 1593; x_wconf 92' lang='lat' dir='ltr'>fuerunt</span> <span class='ocrx_word' id='word_1_79' title='bbox 549 1518 695 1603; x_wconf 87' lang='lat' dir='ltr'>milites,</span> <span class='ocrx_word' id='word_1_80' title='bbox 718 1517 781 1614; x_wconf 92' lang='lat' dir='ltr'>qui</span> <span class='ocrx_word' id='word_1_81' title='bbox 800 1533 981 1614; x_wconf 83' lang='lat' dir='ltr'>praeterea</span> <span class='ocrx_word' id='word_1_82' title='bbox 999 1517 1047 1590; x_wconf 90' lang='lat' dir='ltr'>de</span> <span class='ocrx_word' id='word_1_83' title='bbox 1067 1517 1242 1613; x_wconf 92' lang='lat' dir='ltr'>imposito</span> <span class='ocrx_word' id='word_1_84' title='bbox 1268 1519 1365 1618; x_wconf 90' lang='lat' dir='ltr'>jugo</span> <span class='ocrx_word' id='word_1_85' title='bbox 1383 1521 1508 1618; x_wconf 90' lang='lat' dir='ltr'>deque</span> 
     </span>
     <span class='ocr_line' id='line_1_12' title="bbox 250 1633 1459 1734; baseline 0.002 -26"><span class='ocrx_word' id='word_1_86' title='bbox 250 1635 379 1710; x_wconf 87' lang='lat' dir='ltr'>Italico</span> <span class='ocrx_word' id='word_1_87' title='bbox 399 1635 579 1734; x_wconf 91' lang='lat' dir='ltr'>regimine</span> <span class='ocrx_word' id='word_1_88' title='bbox 598 1635 779 1709; x_wconf 86' lang='lat' dir='ltr'>maximas</span> <span class='ocrx_word' id='word_1_89' title='bbox 798 1633 930 1709; x_wconf 88' lang='lat' dir='ltr'>efferre</span> <span class='ocrx_word' id='word_1_90' title='bbox 949 1634 1201 1732; x_wconf 87' lang='lat' dir='ltr'>querimonias</span> <span class='ocrx_word' id='word_1_91' title='bbox 1220 1653 1307 1711; x_wconf 91' lang='lat' dir='ltr'>sunt</span> <span class='ocrx_word' id='word_1_92' title='bbox 1326 1637 1459 1718; x_wconf 61' lang='lat' dir='ltr'>auditi„</span> 
     </span>
    </p>
   </div>
   <div class='ocr_carea' id='block_1_5' title="bbox 245 1768 1592 2576">
    <p class='ocr_par' dir='ltr' id='par_1_5' title="bbox 245 1768 1592 2576">
     <span class='ocr_line' id='line_1_13' title="bbox 295 1768 1505 1869; baseline 0.002 -26"><span class='ocrx_word' id='word_1_93' title='bbox 295 1769 480 1856; x_wconf 88' lang='lat' dir='ltr'>Alterum,</span> <span class='ocrx_word' id='word_1_94' title='bbox 502 1770 666 1867; x_wconf 88' lang='lat' dir='ltr'>itemque</span> <span class='ocrx_word' id='word_1_95' title='bbox 685 1769 872 1867; x_wconf 90' lang='lat' dir='ltr'>publicum</span> <span class='ocrx_word' id='word_1_96' title='bbox 892 1769 1030 1843; x_wconf 91' lang='lat' dir='ltr'>factum</span> <span class='ocrx_word' id='word_1_97' title='bbox 1062 1787 1129 1856; x_wconf 89' lang='lat' dir='ltr'>est,</span> <span class='ocrx_word' id='word_1_98' title='bbox 1158 1768 1271 1869; x_wconf 84' lang='lat' dir='ltr'>longe</span> <span class='ocrx_word' id='word_1_99' title='bbox 1303 1771 1505 1846; x_wconf 88' lang='lat' dir='ltr'>maximam</span> 
     </span>
     <span class='ocr_line' id='line_1_14' title="bbox 245 1886 1507 1986; baseline 0.002 -25"><span class='ocrx_word' id='word_1_100' title='bbox 245 1906 358 1986; x_wconf 91' lang='lat' dir='ltr'>atque</span> <span class='ocrx_word' id='word_1_101' title='bbox 376 1888 561 1963; x_wconf 88' lang='lat' dir='ltr'>saniorem</span> <span class='ocrx_word' id='word_1_102' title='bbox 585 1887 702 1961; x_wconf 91' lang='lat' dir='ltr'>Italici</span> <span class='ocrx_word' id='word_1_103' title='bbox 721 1886 848 1985; x_wconf 91' lang='lat' dir='ltr'>populi</span> <span class='ocrx_word' id='word_1_104' title='bbox 864 1905 1017 1984; x_wconf 89' lang='lat' dir='ltr'>partem,</span> <span class='ocrx_word' id='word_1_105' title='bbox 1036 1887 1214 1962; x_wconf 86' lang='lat' dir='ltr'>mandato</span> <span class='ocrx_word' id='word_1_106' title='bbox 1231 1888 1421 1964; x_wconf 91' lang='lat' dir='ltr'>Pontificis</span> <span class='ocrx_word' id='word_1_107' title='bbox 1440 1889 1507 1964; x_wconf 94' lang='lat' dir='ltr'>ob-</span> 
     </span>
     <span class='ocr_line' id='line_1_15' title="bbox 245 2004 1507 2107; baseline 0.002 -26"><span class='ocrx_word' id='word_1_108' title='bbox 245 2024 527 2104; x_wconf 89' lang='lat' dir='ltr'>temperantem,</span> <span class='ocrx_word' id='word_1_109' title='bbox 544 2031 745 2102; x_wconf 87' lang='lat' dir='ltr'>numquam</span> <span class='ocrx_word' id='word_1_110' title='bbox 762 2004 925 2079; x_wconf 90' lang='lat' dir='ltr'>voluisse</span> <span class='ocrx_word' id='word_1_111' title='bbox 939 2029 1025 2079; x_wconf 90' lang='lat' dir='ltr'>sese</span> <span class='ocrx_word' id='word_1_112' title='bbox 1043 2005 1251 2080; x_wconf 86' lang='lat' dir='ltr'>immiscere</span> <span class='ocrx_word' id='word_1_113' title='bbox 1270 2006 1306 2080; x_wconf 95' lang='lat' dir='ltr'>in</span> <span class='ocrx_word' id='word_1_114' title='bbox 1320 2005 1507 2107; x_wconf 86' lang='lat' dir='ltr'>eligendis</span> 
     </span>
     <span class='ocr_line' id='line_1_16' title="bbox 246 2122 1592 2224; baseline 0.001 -26"><span class='ocrx_word' id='word_1_115' title='bbox 246 2124 434 2222; x_wconf 90' lang='lat' dir='ltr'>deputatis</span> <span class='ocrx_word' id='word_1_116' title='bbox 460 2125 509 2197; x_wconf 91' lang='lat' dir='ltr'>ad</span> <span class='ocrx_word' id='word_1_117' title='bbox 532 2122 702 2198; x_wconf 90' lang='lat' dir='ltr'>ltalicum</span> <span class='ocrx_word' id='word_1_118' title='bbox 732 2122 910 2221; x_wconf 90' lang='lat' dir='ltr'>regimen,</span> <span class='ocrx_word' id='word_1_119' title='bbox 937 2146 1164 2220; x_wconf 92' lang='lat' dir='ltr'>quamquam</span> <span class='ocrx_word' id='word_1_120' title='bbox 1187 2124 1433 2224; x_wconf 89' lang='lat' dir='ltr'>Magistratus</span> <span class='ocrx_word' id='word_1_121' title='bbox 1452 2124 1506 2200; x_wconf 84' lang='lat' dir='ltr'>iri·</span> <span class='ocrx_word' id='word_1_122' title='bbox 1589 2214 1592 2219; x_wconf 34' lang='grc'>,</span> 
     </span>
     <span class='ocr_line' id='line_1_17' title="bbox 247 2241 1505 2342; baseline -0.001 -24"><span class='ocrx_word' id='word_1_123' title='bbox 247 2261 457 2318; x_wconf 88' lang='lat' dir='ltr'>terventum</span> <span class='ocrx_word' id='word_1_124' title='bbox 490 2244 601 2342; x_wconf 90' lang='lat' dir='ltr'>hujus</span> <span class='ocrx_word' id='word_1_125' title='bbox 629 2242 786 2316; x_wconf 89' lang='lat' dir='ltr'>sanioris</span> <span class='ocrx_word' id='word_1_126' title='bbox 815 2241 930 2338; x_wconf 91' lang='lat' dir='ltr'>partis</span> <span class='ocrx_word' id='word_1_127' title='bbox 956 2258 1113 2338; x_wconf 87' lang='lat' dir='ltr'>optaret,</span> <span class='ocrx_word' id='word_1_128' title='bbox 1142 2267 1189 2315; x_wconf 92' lang='lat' dir='ltr'>ne</span> <span class='ocrx_word' id='word_1_129' title='bbox 1217 2242 1343 2341; x_wconf 89' lang='lat' dir='ltr'>regale</span> <span class='ocrx_word' id='word_1_130' title='bbox 1370 2242 1505 2317; x_wconf 89' lang='lat' dir='ltr'>solium</span> 
     </span>
     <span class='ocr_line' id='line_1_18' title="bbox 248 2358 1506 2460; baseline -0.001 -24"><span class='ocrx_word' id='word_1_131' title='bbox 248 2387 315 2459; x_wconf 92' lang='lat' dir='ltr'>per</span> <span class='ocrx_word' id='word_1_132' title='bbox 333 2360 498 2436; x_wconf 88' lang='lat' dir='ltr'>furentes</span> <span class='ocrx_word' id='word_1_133' title='bbox 516 2361 748 2458; x_wconf 89' lang='lat' dir='ltr'>demagogas</span> <span class='ocrx_word' id='word_1_134' title='bbox 765 2358 1043 2456; x_wconf 88' lang='lat' dir='ltr'>periclitaretur.</span> <span class='ocrx_word' id='word_1_135' title='bbox 1062 2358 1217 2433; x_wconf 90' lang='lat' dir='ltr'>Certum</span> <span class='ocrx_word' id='word_1_136' title='bbox 1232 2378 1291 2435; x_wconf 89' lang='lat' dir='ltr'>est</span> <span class='ocrx_word' id='word_1_137' title='bbox 1305 2361 1506 2460; x_wconf 88' lang='lat' dir='ltr'>deputatos</span> 
     </span>
     <span class='ocr_line' id='line_1_19' title="bbox 249 2475 1422 2576; baseline 0.001 -24"><span class='ocrx_word' id='word_1_138' title='bbox 249 2479 449 2576; x_wconf 88' lang='lat' dir='ltr'>nequidem</span> <span class='ocrx_word' id='word_1_139' title='bbox 468 2504 534 2576; x_wconf 91' lang='lat' dir='ltr'>per</span> <span class='ocrx_word' id='word_1_140' title='bbox 552 2478 744 2551; x_wconf 90' lang='lat' dir='ltr'>dimidiam</span> <span class='ocrx_word' id='word_1_141' title='bbox 760 2494 904 2573; x_wconf 90' lang='lat' dir='ltr'>partem</span> <span class='ocrx_word' id='word_1_142' title='bbox 924 2475 1126 2551; x_wconf 88' lang='lat' dir='ltr'>electorum</span> <span class='ocrx_word' id='word_1_143' title='bbox 1145 2502 1230 2551; x_wconf 89' lang='lat' dir='ltr'>esse</span> <span class='ocrx_word' id='word_1_144' title='bbox 1248 2477 1398 2555; x_wconf 88' lang='lat' dir='ltr'>electos.</span> <span class='ocrx_word' id='word_1_145' title='bbox 1420 2492 1422 2496; x_wconf 80' lang='grc'>’</span> 
     </span>
    </p>
   </div>
   <div class='ocr_carea' id='block_1_6' title="bbox 242 2609 1506 3990">
    <p class='ocr_par' dir='ltr' id='par_1_6' title="bbox 242 2609 1506 3990">
     <span class='ocr_line' id='line_1_20' title="bbox 296 2609 1506 2709; baseline 0.002 -23"><span class='ocrx_word' id='word_1_146' title='bbox 296 2613 384 2687; x_wconf 86' lang='lat' dir='ltr'>Alia</span> <span class='ocrx_word' id='word_1_147' title='bbox 401 2614 563 2709; x_wconf 90' lang='lat' dir='ltr'>denique</span> <span class='ocrx_word' id='word_1_148' title='bbox 582 2611 688 2697; x_wconf 88' lang='lat' dir='ltr'>facta,</span> <span class='ocrx_word' id='word_1_149' title='bbox 715 2636 834 2707; x_wconf 89' lang='lat' dir='ltr'>eaque</span> <span class='ocrx_word' id='word_1_150' title='bbox 856 2609 1167 2708; x_wconf 91' lang='lat' dir='ltr'>frequentissima,</span> <span class='ocrx_word' id='word_1_151' title='bbox 1194 2630 1281 2686; x_wconf 93' lang='lat' dir='ltr'>sunt</span> <span class='ocrx_word' id='word_1_152' title='bbox 1300 2613 1506 2688; x_wconf 71' lang='lat' dir='ltr'>innumera</span> 
     </span>
     <span class='ocr_line' id='line_1_21' title="bbox 245 2727 1504 2830; baseline 0.002 -26"><span class='ocrx_word' id='word_1_153' title='bbox 245 2729 538 2830; x_wconf 88' lang='lat' dir='ltr'>significationes</span> <span class='ocrx_word' id='word_1_154' title='bbox 558 2728 666 2803; x_wconf 91' lang='lat' dir='ltr'>realis</span> <span class='ocrx_word' id='word_1_155' title='bbox 682 2728 855 2826; x_wconf 92' lang='lat' dir='ltr'>obsequii</span> <span class='ocrx_word' id='word_1_156' title='bbox 875 2729 985 2802; x_wconf 89' lang='lat' dir='ltr'>toties</span> <span class='ocrx_word' id='word_1_157' title='bbox 1007 2727 1181 2803; x_wconf 89' lang='lat' dir='ltr'>Romano</span> <span class='ocrx_word' id='word_1_158' title='bbox 1202 2730 1372 2805; x_wconf 88' lang='lat' dir='ltr'>Pontifici</span> <span class='ocrx_word' id='word_1_159' title='bbox 1399 2732 1504 2807; x_wconf 91' lang='lat' dir='ltr'>exhi·</span> 
     </span>
     <span class='ocr_line' id='line_1_22' title="bbox 245 2846 1503 2949; baseline 0.002 -27"><span class='ocrx_word' id='word_1_160' title='bbox 245 2849 342 2937; x_wconf 84' lang='lat' dir='ltr'>bitae,</span> <span class='ocrx_word' id='word_1_161' title='bbox 356 2848 503 2946; x_wconf 93' lang='lat' dir='ltr'>quoties</span> <span class='ocrx_word' id='word_1_162' title='bbox 517 2847 740 2947; x_wconf 90' lang='lat' dir='ltr'>gubernium</span> <span class='ocrx_word' id='word_1_163' title='bbox 759 2846 929 2920; x_wconf 92' lang='lat' dir='ltr'>Italicum</span> <span class='ocrx_word' id='word_1_164' title='bbox 948 2846 1109 2945; x_wconf 92' lang='lat' dir='ltr'>aliquam</span> <span class='ocrx_word' id='word_1_165' title='bbox 1128 2848 1288 2924; x_wconf 91' lang='lat' dir='ltr'>ediderit</span> <span class='ocrx_word' id='word_1_166' title='bbox 1307 2847 1430 2949; x_wconf 90' lang='lat' dir='ltr'>legem</span> <span class='ocrx_word' id='word_1_167' title='bbox 1443 2849 1503 2924; x_wconf 90' lang='lat' dir='ltr'>vel</span> 
     </span>
     <span class='ocr_line' id='line_1_23' title="bbox 244 2965 1504 3064; baseline 0.002 -25"><span class='ocrx_word' id='word_1_168' title='bbox 244 2965 408 3040; x_wconf 90' lang='lat' dir='ltr'>facinora</span> <span class='ocrx_word' id='word_1_169' title='bbox 425 2967 637 3064; x_wconf 85' lang='lat' dir='ltr'>patraverit,</span> <span class='ocrx_word' id='word_1_170' title='bbox 667 2991 750 3062; x_wconf 84' lang='lat' dir='ltr'>quae</span> <span class='ocrx_word' id='word_1_171' title='bbox 782 2965 962 3039; x_wconf 78' lang='lat' dir='ltr'>Ecclesiae</span> <span class='ocrx_word' id='word_1_172' title='bbox 985 2965 1070 3062; x_wconf 90' lang='lat' dir='ltr'>jura</span> <span class='ocrx_word' id='word_1_173' title='bbox 1103 2965 1296 3041; x_wconf 90' lang='lat' dir='ltr'>violarent.</span> <span class='ocrx_word' id='word_1_174' title='bbox 1324 2967 1426 3041; x_wconf 91' lang='lat' dir='ltr'>Satis</span> <span class='ocrx_word' id='word_1_175' title='bbox 1444 2984 1504 3041; x_wconf 92' lang='lat' dir='ltr'>est</span> 
     </span>
     <span class='ocr_line' id='line_1_24' title="bbox 244 3071 1502 3183; baseline 0.001 -25"><span class='ocrx_word' id='word_1_176' title='bbox 244 3084 445 3159; x_wconf 90' lang='lat' dir='ltr'>catholicas</span> <span class='ocrx_word' id='word_1_177' title='bbox 463 3102 501 3158; x_wconf 91' lang='lat' dir='ltr'>et</span> <span class='ocrx_word' id='word_1_178' title='bbox 515 3085 678 3157; x_wconf 90' lang='lat' dir='ltr'>sinceras</span> <span class='ocrx_word' id='word_1_179' title='bbox 693 3083 953 3179; x_wconf 89' lang='lat' dir='ltr'>ephemerides</span> <span class='ocrx_word' id='word_1_180' title='bbox 968 3108 1192 3179; x_wconf 85' lang='lat' dir='ltr'>percurrere,</span> <span class='ocrx_word' id='word_1_181' title='bbox 1210 3104 1249 3158; x_wconf 92' lang='lat' dir='ltr'>ut</span> <span class='ocrx_word' id='word_1_182' title='bbox 1264 3071 1502 3183; x_wconf 90' lang='lat' dir='ltr'>perspectum</span> 
     </span>
     <span class='ocr_line' id='line_1_25' title="bbox 244 3203 1502 3303; baseline 0.001 -25"><span class='ocrx_word' id='word_1_183' title='bbox 244 3205 425 3279; x_wconf 91' lang='lat' dir='ltr'>habeatur</span> <span class='ocrx_word' id='word_1_184' title='bbox 443 3221 535 3301; x_wconf 91' lang='lat' dir='ltr'>quot</span> <span class='ocrx_word' id='word_1_185' title='bbox 554 3203 673 3276; x_wconf 91' lang='lat' dir='ltr'>modis</span> <span class='ocrx_word' id='word_1_186' title='bbox 694 3204 771 3276; x_wconf 91' lang='lat' dir='ltr'>veri</span> <span class='ocrx_word' id='word_1_187' title='bbox 796 3203 877 3276; x_wconf 91' lang='lat' dir='ltr'>ltali</span> <span class='ocrx_word' id='word_1_188' title='bbox 897 3221 935 3277; x_wconf 91' lang='lat' dir='ltr'>et</span> <span class='ocrx_word' id='word_1_189' title='bbox 967 3205 1128 3278; x_wconf 90' lang='lat' dir='ltr'>Romani</span> <span class='ocrx_word' id='word_1_190' title='bbox 1157 3205 1205 3279; x_wconf 91' lang='lat' dir='ltr'>de</span> <span class='ocrx_word' id='word_1_191' title='bbox 1237 3206 1369 3294; x_wconf 87' lang='lat' dir='ltr'>Roma,</span> <span class='ocrx_word' id='word_1_192' title='bbox 1391 3231 1502 3303; x_wconf 90' lang='lat' dir='ltr'>spon·</span> 
     </span>
     <span class='ocr_line' id='line_1_26' title="bbox 245 3320 1502 3417; baseline 0.002 -23"><span class='ocrx_word' id='word_1_193' title='bbox 245 3338 373 3397; x_wconf 91' lang='lat' dir='ltr'>taneas</span> <span class='ocrx_word' id='word_1_194' title='bbox 392 3320 542 3417; x_wconf 89' lang='lat' dir='ltr'>quidem</span> <span class='ocrx_word' id='word_1_195' title='bbox 567 3320 813 3417; x_wconf 90' lang='lat' dir='ltr'>aspirationes</span> <span class='ocrx_word' id='word_1_196' title='bbox 832 3346 917 3393; x_wconf 92' lang='lat' dir='ltr'>suas</span> <span class='ocrx_word' id='word_1_197' title='bbox 936 3320 1258 3396; x_wconf 82' lang='lat' dir='ltr'>manifestaverint</span> <span class='ocrx_word' id='word_1_198' title='bbox 1278 3324 1314 3395; x_wconf 94' lang='lat' dir='ltr'>in</span> <span class='ocrx_word' id='word_1_199' title='bbox 1334 3322 1502 3397; x_wconf 91' lang='lat' dir='ltr'>favorem</span> 
     </span>
     <span class='ocr_line' id='line_1_27' title="bbox 247 3437 1502 3539; baseline 0.002 -27"><span class='ocrx_word' id='word_1_200' title='bbox 247 3439 407 3513; x_wconf 90' lang='lat' dir='ltr'>Romani</span> <span class='ocrx_word' id='word_1_201' title='bbox 430 3437 629 3524; x_wconf 89' lang='lat' dir='ltr'>Pontificis‚</span> <span class='ocrx_word' id='word_1_202' title='bbox 651 3439 803 3512; x_wconf 89' lang='lat' dir='ltr'>minime</span> <span class='ocrx_word' id='word_1_203' title='bbox 818 3462 909 3512; x_wconf 89' lang='lat' dir='ltr'>vero</span> <span class='ocrx_word' id='word_1_204' title='bbox 928 3438 1139 3537; x_wconf 91' lang='lat' dir='ltr'>ingratiam</span> <span class='ocrx_word' id='word_1_205' title='bbox 1156 3440 1273 3538; x_wconf 92' lang='lat' dir='ltr'>Regis</span> <span class='ocrx_word' id='word_1_206' title='bbox 1293 3440 1477 3539; x_wconf 91' lang='lat' dir='ltr'>subalpini</span> <span class='ocrx_word' id='word_1_207' title='bbox 1493 3468 1502 3530; x_wconf 88' lang='lat'>;</span> 
     </span>
     <span class='ocr_line' id='line_1_28' title="bbox 243 3557 1503 3656; baseline 0.001 -24"><span class='ocrx_word' id='word_1_208' title='bbox 243 3575 335 3656; x_wconf 93' lang='lat' dir='ltr'>quot</span> <span class='ocrx_word' id='word_1_209' title='bbox 361 3575 576 3654; x_wconf 89' lang='lat' dir='ltr'>quantaque</span> <span class='ocrx_word' id='word_1_210' title='bbox 604 3574 785 3654; x_wconf 86' lang='lat' dir='ltr'>praeterea</span> <span class='ocrx_word' id='word_1_211' title='bbox 815 3580 968 3629; x_wconf 89' lang='lat' dir='ltr'>munera</span> <span class='ocrx_word' id='word_1_212' title='bbox 1010 3574 1048 3630; x_wconf 92' lang='lat' dir='ltr'>et</span> <span class='ocrx_word' id='word_1_213' title='bbox 1084 3557 1293 3632; x_wconf 91' lang='lat' dir='ltr'>oblationes</span> <span class='ocrx_word' id='word_1_214' title='bbox 1332 3559 1503 3634; x_wconf 89' lang='lat' dir='ltr'>Pontifici</span> 
     </span>
     <span class='ocr_line' id='line_1_29' title="bbox 243 3675 1502 3776; baseline 0.002 -24"><span class='ocrx_word' id='word_1_215' title='bbox 243 3677 443 3752; x_wconf 90' lang='lat' dir='ltr'>detulerint</span> <span class='ocrx_word' id='word_1_216' title='bbox 461 3677 563 3750; x_wconf 91' lang='lat' dir='ltr'>cives</span> <span class='ocrx_word' id='word_1_217' title='bbox 586 3675 702 3749; x_wconf 91' lang='lat' dir='ltr'>Italici</span> <span class='ocrx_word' id='word_1_218' title='bbox 728 3675 953 3753; x_wconf 91' lang='lat' dir='ltr'>conditionis</span> <span class='ocrx_word' id='word_1_219' title='bbox 972 3679 1185 3776; x_wconf 87' lang='lat' dir='ltr'>omnigenae</span> <span class='ocrx_word' id='word_1_220' title='bbox 1203 3696 1241 3753; x_wconf 91' lang='lat' dir='ltr'>et</span> <span class='ocrx_word' id='word_1_221' title='bbox 1260 3705 1307 3753; x_wconf 87' lang='lat' dir='ltr'>ex</span> <span class='ocrx_word' id='word_1_222' title='bbox 1327 3681 1502 3754; x_wconf 90' lang='lat' dir='ltr'>omnibus</span> 
     </span>
     <span class='ocr_line' id='line_1_30' title="bbox 242 3794 1502 3896; baseline 0.002 -26"><span class='ocrx_word' id='word_1_223' title='bbox 242 3797 409 3894; x_wconf 90' lang='lat' dir='ltr'>partibus</span> <span class='ocrx_word' id='word_1_224' title='bbox 444 3794 561 3868; x_wconf 87' lang='lat' dir='ltr'>ltaliae</span> <span class='ocrx_word' id='word_1_225' title='bbox 593 3794 677 3870; x_wconf 92' lang='lat' dir='ltr'>licet</span> <span class='ocrx_word' id='word_1_226' title='bbox 710 3795 783 3869; x_wconf 89' lang='lat' dir='ltr'>iam</span> <span class='ocrx_word' id='word_1_227' title='bbox 815 3795 939 3891; x_wconf 89' lang='lat' dir='ltr'>quoad</span> <span class='ocrx_word' id='word_1_228' title='bbox 970 3821 1062 3893; x_wconf 90' lang='lat' dir='ltr'>opes</span> <span class='ocrx_word' id='word_1_229' title='bbox 1085 3796 1274 3872; x_wconf 80' lang='lat' dir='ltr'>destituta:</span> <span class='ocrx_word' id='word_1_230' title='bbox 1298 3818 1412 3896; x_wconf 91' lang='lat' dir='ltr'>atque</span> <span class='ocrx_word' id='word_1_231' title='bbox 1438 3825 1502 3873; x_wconf 86' lang='lat' dir='ltr'>ex·</span> 
     </span>
     <span class='ocr_line' id='line_1_31' title="bbox 243 3915 397 3990; baseline 0.013 -2"><span class='ocrx_word' id='word_1_232' title='bbox 243 3915 397 3990; x_wconf 85' lang='lat' dir='ltr'>haustae.</span> 
     </span>
    </p>
   </div>
   <div class='ocr_carea' id='block_1_7' title="bbox 240 4047 1501 4746">
    <p class='ocr_par' dir='ltr' id='par_1_7' title="bbox 240 4047 1501 4746">
     <span class='ocr_line' id='line_1_32' title="bbox 294 4047 1500 4150; baseline 0.004 -26"><span class='ocrx_word' id='word_1_233' title='bbox 294 4050 472 4124; x_wconf 91' lang='lat' dir='ltr'>Ceterum</span> <span class='ocrx_word' id='word_1_234' title='bbox 492 4047 607 4146; x_wconf 91' lang='lat' dir='ltr'>liquet</span> <span class='ocrx_word' id='word_1_235' title='bbox 625 4051 725 4146; x_wconf 91' lang='lat' dir='ltr'>quod</span> <span class='ocrx_word' id='word_1_236' title='bbox 748 4050 942 4123; x_wconf 92' lang='lat' dir='ltr'>Romanus</span> <span class='ocrx_word' id='word_1_237' title='bbox 969 4050 1129 4148; x_wconf 90' lang='lat' dir='ltr'>populus</span> <span class='ocrx_word' id='word_1_238' title='bbox 1158 4077 1232 4126; x_wconf 93' lang='lat' dir='ltr'>non</span> <span class='ocrx_word' id='word_1_239' title='bbox 1261 4055 1383 4150; x_wconf 87' lang='lat' dir='ltr'>potuit</span> <span class='ocrx_word' id='word_1_240' title='bbox 1413 4080 1500 4129; x_wconf 90' lang='lat' dir='ltr'>con·</span> 
     </span>
     <span class='ocr_line' id='line_1_33' title="bbox 241 4169 1499 4270; baseline 0.005 -28"><span class='ocrx_word' id='word_1_241' title='bbox 241 4169 382 4267; x_wconf 91' lang='lat' dir='ltr'>spirare</span> <span class='ocrx_word' id='word_1_242' title='bbox 412 4169 460 4241; x_wconf 91' lang='lat' dir='ltr'>ad</span> <span class='ocrx_word' id='word_1_243' title='bbox 492 4169 829 4265; x_wconf 92' lang='lat' dir='ltr'>incorporationem</span> <span class='ocrx_word' id='word_1_244' title='bbox 859 4171 964 4267; x_wconf 91' lang='lat' dir='ltr'>quasi</span> <span class='ocrx_word' id='word_1_245' title='bbox 1001 4171 1117 4244; x_wconf 89' lang='lat' dir='ltr'>Urbis</span> <span class='ocrx_word' id='word_1_246' title='bbox 1152 4199 1194 4246; x_wconf 93' lang='lat' dir='ltr'>ac</span> <span class='ocrx_word' id='word_1_247' title='bbox 1226 4174 1499 4270; x_wconf 92' lang='lat' dir='ltr'>pontificiarum</span> 
     </span>
     <span class='ocr_line' id='line_1_34' title="bbox 243 4288 1500 4388; baseline 0.006 -28"><span class='ocrx_word' id='word_1_248' title='bbox 243 4288 515 4384; x_wconf 88' lang='lat' dir='ltr'>provinciarum</span> <span class='ocrx_word' id='word_1_249' title='bbox 547 4312 631 4360; x_wconf 88' lang='lat' dir='ltr'>cum</span> <span class='ocrx_word' id='word_1_250' title='bbox 663 4288 812 4385; x_wconf 90' lang='lat' dir='ltr'>reliquis</span> <span class='ocrx_word' id='word_1_251' title='bbox 845 4288 963 4362; x_wconf 87' lang='lat' dir='ltr'>ltaliae</span> <span class='ocrx_word' id='word_1_252' title='bbox 995 4289 1209 4378; x_wconf 71' lang='lat' dir='ltr'>ditionibus</span> <span class='ocrx_word' id='word_1_253' title='bbox 1243 4293 1332 4388; x_wconf 92' lang='lat' dir='ltr'>quin</span> <span class='ocrx_word' id='word_1_254' title='bbox 1364 4294 1500 4367; x_wconf 88' lang='lat' dir='ltr'>eodem</span> 
     </span>
     <span class='ocr_line' id='line_1_35' title="bbox 242 4407 1498 4508; baseline 0.006 -30"><span class='ocrx_word' id='word_1_255' title='bbox 242 4430 432 4480; x_wconf 87' lang='lat' dir='ltr'>momento</span> <span class='ocrx_word' id='word_1_256' title='bbox 452 4407 546 4479; x_wconf 92' lang='lat' dir='ltr'>hanc</span> <span class='ocrx_word' id='word_1_257' title='bbox 565 4432 670 4479; x_wconf 89' lang='lat' dir='ltr'>suam</span> <span class='ocrx_word' id='word_1_258' title='bbox 686 4407 927 4504; x_wconf 82' lang='lat' dir='ltr'>profunderet</span> <span class='ocrx_word' id='word_1_259' title='bbox 943 4409 1167 4496; x_wconf 90' lang='lat' dir='ltr'>felicitatem,</span> <span class='ocrx_word' id='word_1_260' title='bbox 1182 4436 1255 4507; x_wconf 92' lang='lat' dir='ltr'>qua</span> <span class='ocrx_word' id='word_1_261' title='bbox 1269 4436 1316 4484; x_wconf 89' lang='lat' dir='ltr'>ex</span> <span class='ocrx_word' id='word_1_262' title='bbox 1332 4431 1498 4508; x_wconf 87' lang='lat' dir='ltr'>patern0‚</span> 
     </span>
     <span class='ocr_line' id='line_1_36' title="bbox 242 4526 1500 4627; baseline 0.005 -30"><span class='ocrx_word' id='word_1_263' title='bbox 242 4526 400 4597; x_wconf 86' lang='lat' dir='ltr'>honesto</span> <span class='ocrx_word' id='word_1_264' title='bbox 418 4545 455 4598; x_wconf 91' lang='lat' dir='ltr'>et</span> <span class='ocrx_word' id='word_1_265' title='bbox 475 4526 664 4599; x_wconf 86' lang='lat' dir='ltr'>fortunato</span> <span class='ocrx_word' id='word_1_266' title='bbox 682 4526 866 4624; x_wconf 87' lang='lat' dir='ltr'>gubernio</span> <span class='ocrx_word' id='word_1_267' title='bbox 888 4526 1083 4602; x_wconf 90' lang='lat' dir='ltr'>Pontificio</span> <span class='ocrx_word' id='word_1_268' title='bbox 1101 4530 1256 4627; x_wconf 88' lang='lat' dir='ltr'>gavisus</span> <span class='ocrx_word' id='word_1_269' title='bbox 1275 4528 1358 4604; x_wconf 91' lang='lat' dir='ltr'>fuit!</span> <span class='ocrx_word' id='word_1_270' title='bbox 1371 4574 1422 4585; x_wconf 93' lang='lat'>-</span> <span class='ocrx_word' id='word_1_271' title='bbox 1436 4531 1500 4603; x_wconf 91' lang='lat' dir='ltr'>An</span> 
     </span>
     <span class='ocr_line' id='line_1_37' title="bbox 240 4642 1501 4746; baseline 0.006 -29"><span class='ocrx_word' id='word_1_272' title='bbox 240 4644 346 4728; x_wconf 87' lang='lat' dir='ltr'>forte,</span> <span class='ocrx_word' id='word_1_273' title='bbox 367 4643 450 4738; x_wconf 90' lang='lat' dir='ltr'>quis</span> <span class='ocrx_word' id='word_1_274' title='bbox 467 4643 647 4741; x_wconf 91' lang='lat' dir='ltr'>populum</span> <span class='ocrx_word' id='word_1_275' title='bbox 665 4645 806 4719; x_wconf 90' lang='lat' dir='ltr'>diceret</span> <span class='ocrx_word' id='word_1_276' title='bbox 835 4642 985 4719; x_wconf 88' lang='lat' dir='ltr'>beatum</span> <span class='ocrx_word' id='word_1_277' title='bbox 1004 4646 1067 4743; x_wconf 93' lang='lat' dir='ltr'>qui</span> <span class='ocrx_word' id='word_1_278' title='bbox 1086 4647 1360 4744; x_wconf 87' lang='lat' dir='ltr'>opprimeretur</span> <span class='ocrx_word' id='word_1_279' title='bbox 1387 4664 1501 4746; x_wconf 90' lang='lat' dir='ltr'>atque</span> 
     </span>
    </p>
   </div>
   <div class='ocr_carea' id='block_1_8' title="bbox 0 0 1752 5482">
    <p class='ocr_par' dir='ltr' id='par_1_8' title="bbox 0 0 1752 5482">
     <span class='ocr_line' id='line_1_38' title="bbox 0 0 1752 5482; baseline 0 2"><span class='ocrx_word' id='word_1_280' title='bbox 0 0 1752 5482; x_wconf 95' lang='lat' dir='ltr'> </span> 
     </span>
    </p>
   </div>
  </div>
 </body>
</html>
