3496 5482
594 540 718 592 cneus
744 540 922 592 socruum
949 541 1148 605 Quantum.
1430 531 1500 609 347

248 699 300 776 tia
318 725 518 800 regnorum
538 700 823 777 christianorum
839 699 874 774 in
894 699 965 775 alia
984 725 1101 800 regna
1118 700 1327 785 christiana.
1344 723 1501 798 quorum

246 819 323 894 suis
342 820 518 918 quodque
529 818 779 897 nationalibus
790 820 1025 918 cupidinibus
1036 820 1249 897 satisfacere
1258 816 1503 896 studet.Exin

246 937 287 1013 lit
321 956 361 1014 ut
391 937 630 1014 immolentur
651 938 788 1038 saepius
801 940 886 1039 jura
905 937 1146 1014 individualia
1164 957 1278 1037 atque
1298 935 1504 1014 domestica

246 1055 382 1130 civium
406 1056 553 1156 juribus
570 1056 806 1134 dominorum
821 1073 885 1132 aut
903 1054 1075 1133 factionis
1092 1056 1407 1156 praedominantis,
1420 1056 1505 1154 jura

246 1200 338 1249 vero
360 1175 597 1251 dominorum
615 1176 781 1254 omnium
797 1194 834 1252 et
848 1175 1078 1275 singulorum
1097 1175 1349 1251 sacrificentur
1363 1173 1501 1272 patriae,

248 1293 335 1367 dum
351 1296 438 1395 jura
457 1294 586 1392 patriae
604 1320 679 1370 non
693 1294 772 1394 jam
787 1312 887 1371 sarta
901 1293 1074 1393 tectaque
1088 1295 1263 1381 existunt,
1280 1294 1346 1369 sed
1359 1293 1397 1368 in
1411 1318 1503 1391 prae·

247 1410 334 1485 dam
353 1413 491 1488 cedunt
513 1412 824 1510 concupiscentiae
854 1412 1016 1487 nationis
1034 1413 1175 1488 vicinae.
1201 1414 1258 1489 lta
1275 1438 1318 1487 ac
1335 1436 1504 1487 crescere

248 1528 284 1602 in
313 1529 413 1606 diem
439 1531 615 1606 videntur
642 1529 720 1607 laesi
752 1531 865 1608 animi
895 1549 1008 1630 atque
1038 1532 1252 1629 conspirare
1282 1531 1329 1605 ad
1362 1554 1502 1606 novum

246 1647 416 1722 ordinem
432 1648 663 1735 tentandum,
680 1675 838 1746 quorum
853 1651 1130 1748 conjuratorum
1142 1674 1228 1737 vox,
1246 1667 1286 1745 ut
1305 1649 1356 1723 ita
1368 1648 1501 1734 dicam,

246 1764 342 1840 sicut
370 1766 506 1841 saeculo
525 1767 620 1842 XVI
646 1767 945 1845 Lutheranorum
964 1766 1113 1854 clamor,
1133 1768 1180 1842 ad
1199 1767 1502 1842 reformationem

246 1880 456 1959 faciendam
476 1886 601 1959 omnia
630 1886 893 1961 destructionis
924 1885 1111 1962 elementa
1133 1886 1169 1959 in
1197 1912 1312 1961 unum
1341 1885 1504 1962 conflare

248 2002 330 2076 visa
356 2021 426 2079 est.
450 2003 568 2079 Sicuti
587 2004 724 2079 saeculo
743 2004 884 2080 XVIII
906 2004 1213 2103 philosophorum
1233 2030 1275 2080 ac
1293 2004 1504 2102 pseudopo-

246 2123 430 2200 liticorum
454 2125 543 2201 falsa
561 2127 706 2225 species
731 2125 924 2216 libertatis,
945 2126 1167 2226 aequalitatis
1193 2153 1236 2201 ac
1262 2125 1503 2201 fraternitatis

246 2264 453 2320 commotas
471 2263 640 2322 catervas
667 2247 704 2320 in
722 2271 859 2347 agmen
877 2249 1011 2347 coegit,
1033 2248 1083 2322 ita
1101 2248 1181 2347 jam
1207 2271 1305 2321 nunc
1325 2245 1503 2342 aspiratio

247 2364 344 2442 facta
374 2385 431 2442 est
462 2367 629 2442 omnium
666 2384 704 2443 et
741 2366 970 2467 singulorum
1000 2358 1180 2443 inunum
1212 2364 1500 2442 coalescentium

244 2513 432 2586 unamque
451 2488 520 2563 sibi
540 2487 760 2587 lingentium
780 2487 976 2563 formulam
1003 2486 1228 2588 generalem.
1254 2485 1381 2582 Quare
1410 2509 1502 2584 ergo

245 2625 283 2683 et
314 2606 365 2682 ita
383 2605 612 2684 fremuerunt
642 2628 776 2706 gentes
803 2628 840 2684 et
859 2608 985 2706 populi
1004 2607 1173 2683 meditati
1191 2626 1278 2682 sunt
1297 2606 1429 2692 inania,
1459 2623 1500 2678 ut

246 2725 436 2823 extemplo
468 2753 540 2801 una
571 2728 797 2825 conspiratio
825 2727 1002 2814 omnium,
1022 2753 1095 2802 una
1126 2751 1212 2811 vox,
1234 2751 1330 2799 unus
1361 2722 1501 2798 clamor

246 2864 395 2920 resonet
410 2845 574 2943 undique
593 2872 634 2920 ac
654 2862 770 2920 totam
786 2845 978 2942 Europam
993 2844 1309 2942 percrebrescens,
1327 2843 1501 2917 uniVersa

248 2987 363 3062 regna
381 2982 540 3040 tremere
568 2964 710 3039 faciat?
740 2965 828 3039 Non
851 2963 928 3062 jam
954 2981 993 3038 ut
1018 2964 1105 3038 olim
1126 2989 1242 3062 panes
1260 2980 1299 3038 et
1317 2963 1500 3037 circenses

247 3081 549 3158 vociferabuntur
581 3081 772 3182 gregrales
808 3081 936 3180 plebis,
975 3083 1114 3180 quippe
1152 3082 1215 3179 qui
1251 3098 1502 3178 praepotentes

247 3198 378 3288 effecti,
399 3201 585 3275 desiderio
605 3227 725 3275 rerum
746 3200 916 3297 potiundi
935 3201 1104 3299 flagrant.
1126 3200 1231 3275 Sicut
1250 3217 1379 3274 auctor
1396 3224 1501 3298 egre·

245 3317 329 3416 gius
348 3318 511 3415 perbelle
539 3318 802 3394 animadvertit
827 3319 863 3392 in
883 3317 1125 3416 ephemeride
1142 3318 1200 3392 cui
1220 3316 1348 3393 titulus
1368 3316 1503 3391 “actio

245 3436 421 3511 socialis”
441 3463 509 3535 pro
540 3436 619 3512 sola
646 3437 792 3536 justitia
818 3436 889 3511 sibi
918 3435 1142 3511 vindicanda
1170 3436 1374 3511 elleruntur
1393 3434 1501 3508 flatus

246 3555 568 3652 praeponderantis
587 3555 825 3631 democratiae
844 3554 1043 3629 relationes
1068 3553 1225 3629 sociales
1244 3553 1431 3651 corrigere
1458 3576 1500 3625 ac

246 3670 443 3749 immutare
473 3673 681 3771 cupientis:
702 3673 921 3770 “Justitiam
951 3673 1059 3748 nobis
1087 3671 1326 3757 vindicamus,
1349 3668 1500 3745 minime

245 3788 474 3879 charitatem,
495 3794 512 3818 ’¹
532 3792 584 3867 sic
602 3792 705 3866 aiunt
724 3789 779 3890 (¹).

296 3908 421 4004 Quam
449 3911 657 4009 imperiosa,
688 3934 799 4008 quarn
819 3908 1075 3994 ineluctabilis,
1096 3933 1207 4005 quam
1227 3905 1433 4004 periculosa
1452 3907 1500 3981 sit

199 4069 203 4077 ·
245 4026 323 4103 haec
339 4047 547 4128 temporum
566 4051 775 4105 nostrorum
790 4029 977 4127 aspiratio,
995 4053 1106 4102 nemo
1118 4046 1174 4102 est
1188 4027 1252 4124 qui
1267 4051 1341 4100 non
1358 4025 1493 4101 videat.

246 4146 398 4224 Etenim
411 4149 566 4249 justitia,
588 4150 657 4223 nisi
676 4149 865 4223 charitatis
884 4166 1181 4245 temperamento
1200 4146 1380 4234 mitescat,
1396 4169 1497 4242 saepe

243 4266 379 4364 saepius
398 4268 603 4366 degenerat
623 4267 659 4341 in
678 4267 809 4341 vitium
829 4265 1080 4349 crudelitatis;
1102 4264 1259 4362 justitiae
1287 4263 1422 4338 Ilmites
1445 4265 1497 4337 in·
1572 4304 1576 4310 ·

243 4384 382 4484 dagare
400 4403 438 4460 et
466 4386 598 4473 fontes,
629 4411 687 4459 res
719 4385 869 4459 maximi
889 4387 1069 4461 momenti
1088 4402 1154 4469 est,
1176 4383 1274 4481 plebi
1294 4383 1403 4480 plane
1431 4380 1496 4455 im-

245 4501 373 4599 pervia
391 4530 434 4577 ae
454 4505 538 4578 ideo
557 4530 750 4603 exponens
769 4504 926 4602 populos
946 4505 1139 4581 ambitioni
1159 4503 1368 4578 multorum.

242 4737 244 4742 ,
282 4714 304 4756 t.
325 4702 494 4771 Lehmkuhl,
505 4703 643 4759 L’ActIon
655 4702 772 4760 Sociale.
785 4704 913 4760 Louvain
930 4703 1005 4772 1896.
