3496 5482
256 492 1508 509 --.—--—..————-——-—-—————·-—-—-—-———

713 555 834 607 enpur
861 554 1054 608 ocrnvuru.
1448 542 1514 613 181,

257 660 596 672 -—..-—-—————-—-

306 716 476 814 Ecquod,
485 713 668 813 judicium
680 712 902 811 populorum
919 715 955 787 in
970 715 1124 812 Europa
1139 733 1215 791 tam
1230 718 1462 808 dissolutum,
1475 739 1515 797 ut

253 836 466 935 hujusmodi
479 835 641 909 facinora
656 852 693 909 et
708 832 900 908 latrocinia
915 836 1073 931 probet?
1088 835 1139 910 Et
1155 835 1186 910 si
1202 837 1372 934 probent,
1390 865 1515 919 nonne

253 954 649 1053 exemplumvert‘etur
664 953 699 1025 in
716 953 859 1027 ruinam
875 954 1106 1029 auctoritatis
1124 955 1336 1053 Principum
1351 957 1519 1035 civilium·

253 1093 365 1171 atque
385 1075 421 1146 in
440 1072 707 1147 detrimentum
728 1071 842 1145 totius
860 1072 1050 1147 societatis
1069 1091 1107 1148 et
1126 1074 1228 1170 pacis
1248 1074 1437 1171 public'ae?
1515 1087 1517 1091 ’

302 1209 334 1267 7.
366 1186 572 1289 Usurpatio
587 1190 717 1264 Status
735 1190 960 1264 Pontificalis
975 1210 1055 1264 atra
1073 1210 1130 1266 est
1143 1215 1408 1269 rnennrtruuo
1420 1195 1515 1292 pari-

252 1310 349 1384 cidio
368 1335 442 1384 non
474 1307 664 1382 absimilis.
687 1308 847 1383 Cuinam
872 1309 970 1382 enim
1005 1310 1137 1383 Romae
1164 1312 1344 1408 competit
1373 1314 1514 1411 gratias

252 1429 429 1503 exhibere
448 1427 496 1502 ob
515 1427 838 1507 conservationem
864 1452 930 1500 seu
958 1427 1195 1502 existentiam
1215 1454 1320 1503 suam
1340 1430 1354 1503 ?
1374 1431 1513 1506 Omnia

251 1549 414 1623 tribuere
432 1546 545 1622 debet
567 1546 809 1621 Pontificibus
840 1543 927 1632 suis,
952 1545 1153 1621 Pontifices
1172 1573 1262 1622 vero
1281 1547 1443 1623 Christo,
1463 1593 1513 1606 —

252 1667 344 1741 Sine
363 1667 504 1741 Christi
523 1665 681 1740 Vicariis
695 1667 774 1764 jam
794 1664 934 1738 dudum
954 1664 1086 1740 luisset
1105 1666 1200 1740 sicu't
1223 1667 1364 1742 Ninive
1382 1677 1420 1743 et
1442 1668 1512 1742 Ba·

251 1786 376 1883 bylon,
398 1803 438 1858 ut
467 1785 601 1859 merito
631 1782 897 1858 animadvertit
917 1809 1076 1882 magnus
1112 1785 1199 1859 Pius
1222 1785 1293 1859 lX.
1323 1784 1511 1884 Religioni

251 1907 349 1990 enim
378 1905 569 1980 catholicae
596 1906 753 2003 ejusque
787 1903 956 1979 Pontifici
989 1905 1095 1979 ltalia
1127 1906 1162 1979 in
1182 1907 1344 2004 acceptis
1374 1907 1511 1983 referre

250 2023 363 2098 debet
385 2033 404 2061 ‘⁸
423 2023 453 2096 si
476 2023 648 2097 Romano
663 2021 813 2096 labente
832 2020 991 2118 imperio
1008 2048 1081 2096 non
1102 2023 1139 2097 in
1152 2041 1242 2097 eam'
1255 2023 1510 2098 conditionem

250 2139 439 2227 deciderit,
461 2139 498 2214 in
526 2166 637 2237 quam
657 2139 803 2236 Assyrii
830 2156 868 2214 et
888 2139 1065 2226 Chaldaei,
1091 2141 1207 2228 Medi,
1231 2142 1439 2240 Persaeque,
1470 2157 1511 2217 'et

181 2289 184 2296 ¹
253 2259 485 2333 Macedones
504 2256 640 2356 populi,
663 2255 799 2331 multos
813 2274 901 2330 ante
913 2257 1094 2331 dominati
1115 2284 1181 2354 per
1199 2284 1329 2347 annos,
1343 2283 1508 2333 commu·

250 2394 326 2451 tata
345 2376 522 2474 deinceps
549 2393 759 2472 temporum
784 2373 865 2449 vice
883 2373 1017 2471 dilapsi
1047 2375 1191 2450 suerint.
1214 2376 1230 2404 ”
1259 2421 1309 2433 -
1328 2375 1509 2472 QuinImo

249 2519 315 2592 per
336 2494 572 2594 Religionem
592 2509 629 2569 et
648 2511 759 2590 caput
777 2493 861 2591 ejus
884 2493 1024 2590 Papam
1044 2494 1250 2592 perlectum
1270 2511 1327 2568 est
1346 2511 1385 2568 ut
1400 2492 1507 2568 Italia

250 2638 323 2687 non
353 2611 473 2686 solum
504 2638 526 2715 a
555 2629 672 2686 totae
701 2609 825 2695 tantis,
852 2619 873 2649 “
904 2611 1040 2707 quibus
1069 2611 1305 2697 obruebatur,
1339 2635 1505 2686 errorum

249 2730 413 2805 tenebris
444 2730 555 2804 fuerit
582 2747 721 2826 erepta,
756 2729 1018 2806 verumetiam
1051 2747 1091 2803 ut
1110 2729 1205 2804 inter
1236 2729 1378 2827 antiqui
1411 2726 1506 2805 illius
1592 2768 1597 2778 ·

250 2850 392 2947 imperii
425 2849 559 2928 ruinas.
586 2868 624 2923 et
658 2849 905 2923 Barbarorum
936 2867 1015 2923 tota
1065 2849 1219 2947 Europa
1253 2848 1505 2949 grassantium

247 2968 489 3052 incursiones,
519 2967 566 3040 ad
596 2993 678 3041 eam
707 2966 945 3041 nihilominus
963 2965 1121 3066 gloriam
1140 2987 1178 3043 et
1210 2969 1505 3067 magnitudinem

249 3112 324 3184 prae
356 3086 489 3161 ceteris
509 3086 623 3160 totius
653 3085 779 3159 mundi
813 3086 1025 3160 nationibus
1056 3112 1097 3161 se
1124 3104 1340 3185 provectam
1359 3089 1505 3185 conspi-

247 3225 357 3294 ceret,
380 3224 419 3281 ut
451 3231 517 3304 per
540 3231 684 3280 sacram
707 3205 806 3281 Petri
838 3206 1065 3294 cathedram,
1087 3207 1265 3307 singulari
1300 3208 1373 3282 Dei
1392 3209 1505 3284 bene·

248 3323 330 3398 ficio
350 3324 386 3398 in
406 3324 486 3421 ipsa
514 3323 697 3408 collatam,
719 3325 835 3398 lotz'us
860 3333 969 3421 alque
995 3325 1149 3400 solidius
1163 3324 1383 3423 praesideret
1400 3325 1505 3400 Reli·

238 3442 497 3542 gionedioino‚
516 3470 628 3541 quom
636 3446 850 3542 profuerat
866 3445 956 3519 olim
973 3445 1221 3519 dominatione
1239 3453 1392 3520 terreno
1411 3442 1466 3545 (¹).
1484 3445 1502 3473 ”
1521 3524 1523 3530 ,

300 3560 576 3636 Praeteritorum
606 3580 816 3659 temporum
848 3581 1090 3636 monumenta
1118 3580 1303 3638 testantur
1323 3561 1503 3637 unanimi·

247 3696 312 3764 ter,
338 3681 518 3753 Romanae
543 3678 723 3754 Ecclesiae
756 3680 941 3778 Pas'tores,
970 3679 1018 3754 de
1045 3679 1143 3754 alma
1172 3679 1241 3753 hac
1258 3680 1372 3755 <Urbe
1399 3679 1504 3755 etde

251 3796 428 3871 Italorum
448 3797 559 3872 rebus
577 3823 661 3872 esse
680 3797 822 3893 optime
850 3798 1019 3882 meritos;
1051 3799 1183 3872 Romae
1206 3816 1391 3895 quotquot
1417 3816 1502 3873 sunt

244 3915 400 3988 aedificia
419 3914 576 4011 publica,
605 3932 696 4013 quot
726 3915 894 3988 instituta
922 3915 1113 3990 charitatis
1148 3915 1207 3989 vel
1237 3915 1404 3990 utilitatis
1433 3941 1502 4013 pro
1557 3973 1561 3980 .

244 4033 399 4120 civibus,
421 4034 498 4108 lere
516 4033 636 4107 dicam
664 4050 756 4131 quot
783 4033 919 4106 dantur
942 4033 1096 4131 lapides,
1118 4052 1314 4131 paternum
1334 4059 1500 4108 amorem

244 4170 282 4226 et
301 4153 464 4252 regalem
485 4152 776 4228 munificentiam
795 4153 1016 4228 Pontificum
1035 4153 1110 4229 alte
1130 4154 1370 4250 proclamant.
1438 4230 1444 4236 „

299 4270 533 4345 Proclamant
551 4270 659 4346 simul
680 4270 827 4368 publica
846 4291 1088 4346 monumenta
1120 4271 1244 4346 nobile
1267 4272 1356 4346 illud
1374 4272 1501 4369 praeci·

246 4413 435 4485 puumque
453 4389 577 4478 decus,
594 4413 669 4486 quo
691 4389 813 4463 Roma
831 4388 959 4489 lulget,
975 4416 997 4464 a
1014 4389 1197 4465 catholica
1216 4389 1396 4488 religione
1415 4374 1500 4466 esse

245 4505 443 4580 oriundum
462 4505 520 4606 (²).

249 4630 442 4720 TEncycl.
457 4653 588 4706 Nostine
603 4654 673 4708 Dec.
690 4654 765 4722 1849.
779 4684 814 4693 —
827 4655 855 4710 S.
871 4656 937 4710 Leo.

283 4745 306 4784 2.
324 4731 425 4801 Alloc,
440 4747 473 4786 22
488 4732 570 4790 Febr.
588 4731 663 4802 1879.
