3496 5482
678 513 802 564 CAPUT
830 512 1078 565 UNDEClMUM.
1438 512 1510 580 249

249 694 346 743 vana
373 687 487 766 atque
512 669 655 744 inutilia
674 688 783 745 erunt
809 673 936 745 omnia
959 671 996 746 id
1026 696 1147 770 genus
1177 670 1378 756 molimina,
1412 673 1509 766 quae

247 787 318 860 sub
336 784 525 884 praeclara
550 786 703 862 honoris
732 789 856 885 specie
891 789 1110 864 Pontificem
1139 815 1270 887 reapse
1290 788 1326 861 in
1345 786 1509 863 obnoxia

249 930 400 1002 prorsus
427 904 642 979 conditione
672 905 895 1004 relinquunt.
930 907 1112 981 Defectus
1140 905 1240 980 enim
1272 923 1330 980 est
1364 904 1399 978 in
1429 904 1509 1001 ipsa

248 1008 379 1096 natura
398 1047 531 1108 rerum,
552 1037 662 1121 prout
690 1024 726 1097 in
755 1025 943 1121 praesenti
969 1025 1194 1099 constitutae
1223 1031 1320 1097 sunt.
1353 1020 1507 1096 Nullum

247 1159 444 1216 externum
473 1159 822 1239 temperamentum,
844 1142 1019 1241 nullaque
1047 1141 1119 1217 alia
1142 1144 1237 1216 ratio
1261 1140 1362 1215 illum
1388 1166 1507 1214 remo·

250 1285 339 1334 vere
358 1258 536 1335 valebunt
548 1258 606 1360 (¹).
621 1260 638 1287 ’¹
1430 1267 1433 1274 '

301 1378 352 1452 Et
371 1378 430 1452 hie
463 1378 596 1452 iterum
627 1377 802 1475 iniquitas
834 1377 990 1454 mentita
1021 1395 1079 1452 est
1105 1377 1200 1451 sibi:
1230 1377 1369 1473 quippe
1395 1375 1507 1472 quod,

246 1495 335 1569 dum
358 1495 549 1595 aufugium
569 1496 738 1571 invenire
763 1514 898 1570 conata
926 1515 984 1571 est
1003 1497 1039 1570 in
1059 1494 1252 1594 praestigio
1273 1493 1412 1578 morali,
1433 1519 1508 1590 quo

244 1613 384 1711 gaudet
406 1613 589 1699 Pontifex,
617 1631 655 1688 et
674 1613 754 1710 ipsa
773 1638 847 1686 non
877 1615 998 1711 potuit
1026 1638 1099 1689 non
1119 1612 1342 1688 concludere
1371 1611 1418 1686 ad
1445 1636 1505 1685 ne·

245 1728 460 1804 cessitatem
482 1732 650 1806 Dominii
671 1731 895 1829 temporalis.

299 1857 320 1886 ‘⁴
336 1847 380 1922 ln
400 1875 538 1947 magno
553 1868 590 1924 et
610 1849 740 1923 illustri
756 1848 909 1935 Senatu,
931 1848 1121 1923 -aiebat
1142 1849 1178 1921 in
1197 1846 1421 1923 allocutione
1440 1874 1508 1922 sua

246 1965 320 2040 diei
344 1971 387 2041 18
410 1968 538 2041 Martii
563 1972 651 2043 1861
685 1994 843 2068 magnus
874 1968 962 2042 Pius
995 1968 1062 2055 IX,
1083 1967 1373 2065 —nuperrimis
1405 1967 1507 2042 hisce

247 2084 379 2158 diebus
399 2084 627 2161 declaratum
647 2105 704 2161 est
737 2088 988 2160 “Romanum
1017 2084 1236 2159 Pontificem
1262 2111 1346 2162 esse
1374 2094 1507 2184 reprae·

247 2222 475 2278 sentatorem
494 2206 692 2303 praecipuae
712 2206 769 2279 vis
788 2203 938 2279 moralis
962 2204 997 2277 in
1018 2203 1180 2277 humana
1199 2203 1388 2278 societate.
1403 2205 1422 2232 '’
1444 2205 1505 2278 Ex

246 2346 322 2418 quo
341 2320 429 2396 illud
449 2323 625 2420 sequitur,
643 2322 775 2398 merito
794 2321 981 2397 concludit
999 2321 1097 2395 idem
1118 2321 1503 2410 Summus'Pontisex,

246 2464 331 2513 eum
352 2439 452 2514 nullo
472 2441 584 2516 modo
599 2466 710 2537 posse
730 2439 936 2514 vandalicae
954 2436 1166 2535 spoliationi
1185 2439 1502 2537 consentire,quin

245 2559 428 2655 approbet
457 2585 669 2656 supremam
689 2559 860 2658 injuriam
881 2558 1026 2644 factam,
1055 2584 1192 2656 nempe
1219 2557 1503 2632 fundamentum

245 2675 374 2751 violari
395 2677 613 2752 moralitatis
644 2679 740 2751 inter
771 2677 952 2763 homines,
975 2675 1151 2773 illamque
1180 2676 1360 2775 perfringi
1384 2701 1503 2751 mora·

245 2793 317 2868 lem
333 2795 577 2893 disciplinam,
598 2796 702 2895 cujus
716 2796 800 2894 jure
819 2794 934 2870 veluti
954 2795 1073 2893 prima
1092 2794 1211 2869 forma
1235 2812 1274 2870 et
1298 2794 1423 2894 imago
1449 2795 1503 2869 di·

246 2912 449 3012 gnoscitur.

299 3040 319 3069 “
341 3030 382 3104 Si
403 3031 540 3131 injusta
557 3059 580 3106 a
600 3032 725 3107 Nobis
753 3049 1137 3130 petantur,‚praestare
1168 3056 1241 3107 non
1272 3058 1473 3129 possumus
1495 3059 1502 3119 ;

246 3153 392 3228 sivero
424 3153 631 3250 postuletur
659 3150 779 3236 venia,
801 3149 900 3224 illam
932 3150 1027 3224 ultro
1056 3150 1290 3248 libenterque
1317 3150 1503 3247 impertie-

246 3297 328 3344 mur
349 3270 401 3369 (2).
424 3273 441 3300 ’'

293 3401 329 3460 4.
349 3389 538 3486 Judiciose
557 3386 655 3460 dixit.
670 3385 871 3481 deputatus
894 3385 1102 3460 Bartolucci
1119 3414 1127 3461 :
1147 3396 1166 3424 ‘⁴
1182 3386 1306 3460 Prima
1320 3402 1357 3461 et
1372 3385 1504 3483 princi·

244 3504 337 3602 palis
356 3507 479 3580 cautio
497 3505 609 3579 debet
623 3503 847 3602 ipsissimam
868 3502 1013 3577 Summi
1033 3503 1223 3579 Pontificis
1241 3520 1411 3601 spectare
1422 3528 1505 3601 per·

243 3649 385 3710 sonam,
407 3649 491 3720 quae
519 3650 586 3722 per
616 3623 720 3722 leges
742 3624 994 3720 Guorantr'gie
1024 3649 1128 3698 sacra
1158 3625 1367 3700 declaratur
1390 3643 1505 3721 atque

245 3741 468 3816 inviolabilis
487 3762 525 3818 et
552 3742 609 3816 cui
630 3742 826 3817 tribuenda
846 3759 932 3814 sunt
964 3742 1136 3840 insignia,
1163 3742 1334 3831 honores,
1352 3745 1439 3843 jura
1466 3761 1504 3817 et

245 3861 525 3956 praeeminentia
542 3861 707 3959 genuino
726 3859 804 3957 regi
824 3877 861 3933 et
883 3859 1043 3956 Principi
1063 3885 1249 3933 concessa.

298 3989 316 4017 “
332 3978 409 4052 Sed
425 3978 513 4052 dum
531 3980 708 4074 Princeps
724 3976 783 4050 ille
796 3978 842 4051 de
856 3976 954 4050 sacto
973 3976 1154 4074 spoliatus
1169 3996 1276 4058 estet
1292 3979 1504 4078 Principatu

244 4096 341 4169 civili
362 4114 399 4170 et
418 4099 608 4196 praestigio
628 4097 714 4171 reali
734 4096 935 4180 omnihaec
954 4095 1013 4168 lex
1035 4094 1262 4169 Cautionum
1277 4096 1366 4170 mihi
1387 4099 1504 4172 conti·

245 4239 318 4288 nuo
337 4217 416 4289 visa
443 4233 501 4288 est
524 4216 641 4290 ironia
672 4214 914 4287 amarissima.
939 4213 1063 4287 Nobis
1092 4213 1128 4285 in
1160 4233 1323 4289 mentem
1353 4234 1504 4290 revocat

242 4330 399 4406 ludibria
428 4333 498 4407 ista
525 4334 660 4431 quibus
679 4332 799 4428 Judaei
830 4332 1033 4406 affecerunt
1064 4331 1256 4406 Christum
1283 4334 1500 4421 Dominum,

283 4595 302 4634 1.
318 4581 408 4651 Epist.
423 4583 460 4636 ad
475 4584 558 4637 Card.
575 4585 685 4652 Ramp.,
704 4598 732 4653 15
746 4586 810 4653 Jun.
829 4584 903 4648 1887.

280 4662 397 4730 2.1bid.‚
415 4664 446 4716 16
461 4664 544 4717 Mart.
562 4664 636 4718 1861.
