3496 5482
315 518 362 609 58
724 544 817 596 enen
842 543 903 596 srr
930 543 1006 594 nux
1034 543 1162 594 noum.

315 696 590 792 hodiernorum,
626 724 667 781 ut
684 724 788 805 patet
807 705 919 780 variis
937 705 1280 792 econcordatibus;
1297 721 1339 778 ut
1357 719 1460 801 patet
1477 699 1574 776 vele

319 820 444 894 verbis
471 823 524 896 Pii
549 824 616 912 IX,
636 826 770 923 quibus
795 825 982 901 declarat:
1002 825 1183 901 “Senon
1203 823 1403 898 abhorrere
1425 846 1448 894 a
1465 845 1574 894 cano·

316 961 403 1011 num
440 943 693 1017 sanctionibus
722 946 818 1019 circa
837 945 1089 1020 immunitates
1114 939 1219 1041 ipsas*
1231 968 1300 1040 pro
1321 941 1403 1016 loco
1421 964 1463 1013 ac
1483 956 1574 1013 tem·

329 1083 419 1154 pore
456 1062 705 1149 moderandis,
742 1082 852 1162 prout
887 1063 1026 1138 scilicet
1055 1080 1305 1161 opportunum
1338 1059 1375 1134 in
1409 1056 1575 1132 Domino

318 1179 441 1253 visum
474 1182 593 1270 luerit,
624 1210 666 1259 ac
685 1187 889 1261 dummodo
919 1185 1091 1260 Ecclesia
1121 1184 1201 1259 aliis
1219 1184 1255 1258 in
1285 1182 1396 1258 rebus
1414 1175 1576 1254 liberiori

331 1324 480 1374 suorum
492 1303 631 1400 jurium
647 1305 824 1379 exercitio
839 1305 1001 1402 potiatur
1019 1302 1063 1404 (¹)
1080 1334 1087 1392 ;
1107 1303 1197 1378 ”ast
1212 1299 1444 1386 immunitati,
1459 1295 1576 1372 dorni·

322 1419 384 1493 nio
408 1425 602 1522 temporali
623 1426 815 1514 roboratae,
836 1427 990 1504 firmiter
1007 1453 1155 1527 semper
1171 1427 1418 1502 adhaeserunt.

373 1541 623 1618 Testimoniis
661 1545 881 1621 Pontificum
918 1548 1030 1623 robur
1064 1547 1202 1646 adjecit
1240 1569 1389 1644 quoque
1418 1563 1577 1639 magnus

322 1660 597 1761 Episcoporum
616 1683 756 1741 coetus:
777 1676 798 1704 ⁴‘
834 1666 993 1742 Civilem
1018 1667 1167 1743 Sanctae
1193 1667 1304 1742 Sedis
1326 1662 1576 1759 Principatum

323 1804 391 1853 ceu
406 1782 584 1878 quiddam
604 1786 852 1859 necessarium
864 1811 907 1860 ac
927 1787 1146 1883 providente
1162 1786 1248 1860 Deo
1262 1783 1458 1859 manifeste
1476 1773 1577 1855 insti·

322 1914 443 1974 tutum
471 1903 720 1999 agnoscimus,
755 1929 823 1978 nec
865 1904 1052 1979 declarare
1082 1904 1306 1989 dubitamus,
1338 1903 1373 1976 in
1403 1896 1578 1999 praesenti

322 2043 444 2094 rerum
459 2020 703 2097 humanarum
717 2040 815 2097 statu
834 2023 954 2122 ipsum
969 2023 1067 2098 hunc
1085 2024 1336 2120 Principatum
1350 2020 1497 2097 civilem
1510 2045 1578 2118 pro

330 2136 1576 2242 bonoacliberoEcclesiaeanimarumveregimineomninorequiri.

372 2266 393 2296 “
413 2256 624 2355 Oportebat
642 2285 732 2335 sane
746 2261 860 2336 totius
881 2261 1060 2336 Ecclesiae
1081 2281 1200 2358 caput,
1216 2262 1428 2335 Romanum
1451 2256 1577 2332 Ponti·

322 2376 443 2465 ficem,
465 2376 551 2452 nulli
575 2379 735 2478 Principi
764 2406 848 2456 esse
866 2382 1085 2480 subjectum,
1111 2382 1186 2456 imo
1217 2380 1351 2456 nullius
1369 2379 1580 2478 hospitem;

326 2497 456 2572 sedin
483 2499 634 2597 proprio
664 2499 830 2574 dominio
865 2526 907 2574 ac
937 2526 1054 2599 regno
1082 2502 1286 2586 sedentem,
1323 2492 1459 2574 suimet
1486 2497 1581 2597 juris

328 2642 428 2706 esse,
450 2639 488 2697 et
519 2621 708 2708 immobili,
740 2622 937 2721 tranquilla
955 2640 992 2699 et
1023 2622 1120 2698 alma
1148 2623 1330 2712 libertate,
1360 2623 1580 2700 catholicam

329 2735 441 2812 fidem
461 2740 555 2814 tueri
573 2766 615 2815 ac
646 2766 894 2840 propugnare,
928 2759 1120 2840 totamque
1140 2768 1271 2844 regere
1302 2770 1344 2818 ac
1371 2743 1582 2843 gubernare

328 2855 622 2954 Rempublicam.
644 2859 663 2887 ’¹

382 2975 459 3050 His
497 2975 653 3074 aliisque
680 2976 909 3053 solemnibus
940 2978 1065 3053 verbis
1098 2979 1276 3076 Episcopi
1295 2981 1445 3056 ducenti
1476 3006 1583 3056 sexa·

327 3096 432 3194 ginta
460 3094 635 3194 quinque,
665 3121 778 3193 quum
813 3097 946 3172 Rornae
976 3124 1075 3171 anno
1110 3104 1213 3184 1862,
1233 3099 1269 3172 in
1301 3089 1582 3174 canonizatione

331 3214 555 3288 Sanctorum
574 3231 777 3312 martyrum
796 3214 1066 3311 Japonensium
1086 3217 1304 3317 congregati
1323 3236 1460 3304 essent,
1477 3242 1582 3292 suam

332 3335 380 3408 de
402 3332 615 3430 Principatu
633 3332 732 3407 civili
754 3333 914 3407 Romani
940 3333 1130 3408 Pontificis
1149 3337 1372 3411 sententiam
1391 3360 1585 3435 expresse·

334 3470 428 3529 runt.
457 3454 515 3527 Ac
546 3470 675 3528 sancte
694 3478 734 3527 se
761 3451 947 3548 amplecti,
980 3453 1092 3528 iidem
1116 3455 1297 3531 Praesules
1329 3458 1453 3532 testati
1486 3472 1583 3542 sunt,

328 3572 541 3646 ‘doctrinam
560 3570 608 3644 ab
627 3570 709 3668 ipso
725 3570 792 3644 Pio
812 3570 870 3645 IX
887 3571 1018 3647 iterate
1031 3572 1298 3670 proclamatam
1317 3602 1325 3649 :
1343 3585 1365 3615 ‘⁴
1385 3575 1498 3670 Quod
1511 3573 1585 3649 sin-

330 3690 449 3790 gulari
479 3716 630 3788 prorsus
658 3689 795 3763 divinae
830 3689 1079 3766 Providentiae
1110 3691 1266 3767 consilio
1296 3687 1434 3767 lactum
1466 3693 1524 3776 sit,
1545 3709 1586 3766 ut

334 3814 527 3887 Romanus
543 3810 726 3896 Pontifex,
744 3835 856 3907 quem
872 3810 1043 3886 Christus
1057 3813 1169 3887 totius
1184 3801 1366 3887 Ecclesiae
1385 3839 1463 3887 suae
1474 3800 1586 3908 caput

327 3951 572 4031 centrumque
584 3931 785 4017 constituit,
799 3931 944 4006 civilem
957 3937 1217 4029 assequeretur
1232 3932 1483 4031 Principatum
1495 3930 1549 4031 (²).
1567 3919 1583 3959 ’³

378 4053 440 4127 Ad
459 4050 539 4127 haec
553 4051 669 4125 verba
692 4049 870 4136 alludunt,
895 4076 1014 4149 eaque
1033 4051 1141 4125 dictis
1165 4052 1242 4126 suis
1270 4050 1471 4125 obfirmant
1492 4050 1582 4146 Epi·

328 4170 430 4266 scopi
442 4170 505 4266 qui
518 4170 578 4244 die
598 4166 709 4266 rlulii
728 4169 1075 4261 1867R0maeerant
1088 4169 1137 4243 ob
1152 4169 1405 4244 centenarium
1423 4153 1580 4255 S.Petri,

327 4287 495 4362 dicentes
514 4287 550 4361 in
578 4284 703 4361 libello
732 4311 800 4360 suo
819 4285 1135 4386 congratulatorio
1154 4287 1201 4361 ad
1221 4287 1325 4360 Pium
1351 4287 1408 4360 lX
1427 4313 1434 4359 :
1454 4296 1474 4326 ‘⁶
1498 4285 1584 4361 Hac

328 4403 410 4491 fide,
425 4403 528 4478 hisce
539 4403 711 4478 sensibus
722 4403 833 4490 ducti,
849 4403 1094 4502 loquebamur
1104 4403 1202 4491 olim,
1224 4403 1446 4478 Beatissime
1460 4404 1581 4489 Pater,

366 4650 387 4688 t.
407 4634 498 4689 Alloc.
515 4650 525 4688 1
543 4635 617 4690 Nov.
634 4635 710 4690 1860.
1278 4671 1279 4674 =

365 4729 388 4768 2.
407 4715 581 4787 Jungmann,
594 4716 671 4771 Dias.
684 4716 772 4772 select.
786 4719 818 4771 in
830 4715 895 4772 hist.
907 4716 979 4787 cccl„
993 4727 1012 4772 t.
1028 4717 1085 4787 111,
1099 4716 1166 4772 diss.
1182 4730 1224 4786 14,
1236 4733 1300 4788 pag.
1314 4717 1356 4772 82.
