3496 5482
653 525 746 575 ΡΑΡΑ
773 525 832 575 SIT
859 519 935 574 REX
963 523 1089 575 ROMAE.

291 690 353 762 An
373 714 455 761 eam
475 687 597 786 legem
616 711 785 760 securam
804 687 948 760 diceres
965 707 1010 758 ex
1027 685 1263 782 juramentis
1279 683 1416 781 quibus
1433 682 1497 756 ob·

241 804 387 884 firmata
406 804 502 880 luit?

291 921 505 1018 Quamnam
525 920 637 996 fidem
666 919 814 996 valeant
834 919 968 994 mereri
1000 917 1117 993 Italici
1143 918 1315 1018 gubernii
1343 917 1498 1014 promis·

241 1041 377 1125 siones,
397 1038 481 1115 licet
510 1037 727 1113 solemniter
749 1039 895 1137 juratae,
917 1036 1015 1111 clare
1041 1037 1175 1112 edocet
1202 1037 1335 1111 modus
1362 1035 1498 1134 agendi

241 1158 412 1257 gubernii
440 1157 545 1231 istius
578 1157 614 1230 in
634 1156 794 1253 peractis
812 1157 994 1229 adversus
1012 1180 1145 1229 omnes
1168 1154 1286 1229 ltaliae
1308 1154 1499 1251 Principes

242 1275 560 1373 usurpationibus;
581 1275 615 1347 in
637 1272 828 1371 multiplici
849 1273 1028 1347 fractione
1047 1271 1134 1347 lidei
1154 1273 1188 1345 in
1210 1273 1327 1370 ipsam
1360 1273 1498 1346 Sedem

245 1394 466 1482 Romanam,
481 1411 520 1466 ut
533 1392 684 1490 quando
697 1418 729 1464 v.
744 1416 781 1490 g.
794 1409 923 1465 contra
944 1391 1084 1465 loedera
1099 1391 1190 1465 inita
1208 1409 1246 1466 et
1264 1391 1406 1489 absque
1425 1389 1500 1463 ullo

241 1535 427 1585 consensu
455 1509 626 1609 gubernii
660 1508 793 1584 Gallici
825 1509 985 1582 Romam
1009 1533 1241 1605 occupavere
1269 1533 1368 1582 anno
1392 1510 1496 1600 1870.

241 1628 363 1702 -Et
386 1629 534 1725 quoties
559 1645 739 1725 praeterea
767 1627 952 1701 contraria
983 1623 1104 1701 iecere
1135 1651 1178 1700 ac
1204 1652 1249 1700 ea
1279 1651 1364 1724 quae
1382 1626 1499 1723 pactis

242 1746 384 1821 sancita
404 1744 583 1819 luerunt?

297 1865 436 1940 Nonne
466 1865 554 1939 olim
584 1865 655 1939 sub
687 1864 836 1940 lunesto
872 1865 995 1964 Crispi
1029 1864 1308 1961 praetenderunt
1327 1861 1371 1963 (¹)
1400 1863 1501 1937 Sede

243 1981 462 2081 Apostolica
493 2001 651 2056 vacante
686 2008 752 2078 per
787 1982 930 2057 obitum
970 1982 1170 2064 Pontificis,
1202 1982 1426 2082 gubernium
1462 1981 1499 2053 in

242 2097 362 2174 locum
388 2125 645 2175 successurum
670 2101 868 2174 cardinalis
890 2101 954 2198 qui
973 2099 1192 2174 conclavum
1205 2100 1366 2199 dirigere
1392 2099 1501 2185 solet,

242 2235 355 2315 atque
377 2219 427 2292 ita
446 2217 668 2293 electionem
688 2218 775 2291 novi
799 2216 990 2292 Pontificis
1008 2217 1237 2318 gessurum?

296 2336 436 2412 Nonne
455 2363 521 2434 per
540 2363 679 2412 novum
705 2337 872 2412 codicem
895 2337 1021 2436 legum
1044 2336 1258 2434 poenalium,
1290 2336 1348 2411 cui
1364 2335 1500 2410 Zanar·

243 2453 329 2528 delli
343 2480 478 2530 nomen
498 2480 606 2528 suum
625 2455 810 2554 apposuit,
835 2466 856 2494 “
874 2455 1016 2529 directe
1034 2454 1272 2530 offenderunt
1290 2453 1369 2528 iura
1388 2454 1500 2528 totius

243 2570 331 2646 cleri
366 2571 537 2647 catholici
567 2591 605 2647 et
633 2573 813 2647 indirecte
849 2573 964 2670 ipsius
998 2573 1108 2647 Sedis
1137 2571 1379 2669 Apostolicae
1410 2570 1428 2598 ’'
1460 2590 1500 2645 ut

246 2690 327 2765 Leo
347 2689 451 2764 XIII
474 2690 536 2765 die
559 2715 571 2763 1
597 2691 697 2786 Junii
723 2693 815 2765 1888
836 2691 1038 2765 declaravit
1052 2689 1129 2789 (²l?

298 2809 437 2883 Nonne
457 2811 617 2908 impares
636 2837 720 2885 sese
747 2811 909 2885 confessi
936 2830 1022 2886 sunt
1048 2812 1096 2885 ad
1122 2811 1358 2885 securitatem
1390 2812 1501 2908 Papae

245 2928 422 3002 tuendam
453 2948 492 3002 et
522 2929 570 3001 ad
598 2928 827 3003 cohibendas
855 2930 1007 3028 injurias
1039 2927 1209 3002 Pontifici
1245 2949 1297 3003 etss
1320 2928 1500 3003 Ecclesiae

244 3045 391 3144 publice
422 3045 551 3133 illatas,
580 3047 631 3120 uti
665 3074 699 3120 v.
728 3073 764 3146 g.
796 3048 954 3146 contigit
986 3049 1022 3120 in
1049 3047 1238 3121 erectione
1269 3046 1500 3122 monumenti

245 3163 347 3260 impii
380 3163 574 3238 Giordano
596 3166 732 3250 Bruno,
754 3166 889 3263 etjam
920 3166 1063 3262 pridem
1095 3167 1131 3238 in
1150 3164 1379 3240 exaltatione
1405 3166 1502 3240 Leo·

246 3281 303 3355 nis
322 3281 441 3368 XIII,
464 3281 524 3355 ubi
543 3283 730 3357 desiderio
748 3309 789 3357 se
808 3283 947 3380 populo
965 3283 1111 3380 publice
1130 3283 1320 3381 praebendi
1350 3283 1499 3357 obviam

246 3404 337 3477 itum
365 3424 423 3477 est
451 3402 520 3477 hac
539 3405 806 3502 responsione:
830 3416 849 3443 ·‘
868 3404 1013 3481 Caveat
1035 3404 1135 3500 Papa
1159 3428 1205 3478 ne
1224 3403 1343 3490 saciat,
1364 3404 1502 3501 quippe

247 3546 315 3594 nos
333 3522 494 3619 impares
512 3546 640 3595 sumus
665 3522 880 3596 assumendi
908 3521 1270 3620 responsabilitatem
1299 3542 1500 3596 eventuum

246 3643 308 3740 qui
328 3643 364 3714 in
384 3667 471 3714 casu
490 3661 726 3716 occurrerent
744 3640 798 3743 (³).
820 3641 836 3668 ”

299 3759 445 3856 Ecquid
465 3759 495 3832 si
514 3760 726 3833 auctoribus
756 3760 858 3859 legis,
881 3760 1003 3858 legem
1033 3786 1101 3857 pro
1128 3759 1363 3856 beneplacito
1389 3760 1502 3834 iuter·

246 3878 489 3975 pretantibuS,
508 3903 579 3974 pro
595 3878 714 3952 lubitu
728 3879 854 3976 jurata
885 3878 978 3952 fides
1009 3879 1250 3976 abrumpitur,
1281 3903 1395 3975 quum
1423 3878 1501 3977 jam

242 4000 298 4073 sic
318 4024 365 4073 ex
384 4015 535 4071 assueto
553 3998 721 4095 cynismo
740 3999 778 4072 S.
798 4000 929 4086 Sedes,
950 3999 1157 4073 honestatis
1172 4017 1208 4072 et
1222 3998 1379 4096 justitiae
1397 4023 1503 4095 aeque

246 4142 289 4189 ac
309 4115 498 4213 religionis
516 4134 696 4203 centrum,
711 4115 870 4191 ludibrio
889 4117 1089 4213 exponitur
1107 4143 1150 4191 ac
1170 4116 1256 4191 fidei
1270 4117 1333 4215 jus
1351 4141 1502 4214 prorsus

246 4233 456 4310 amittitur?

299 4352 504 4451 Ecquid
475 4378 506 4428 sr
536 4352 596 4428 lex
626 4354 880 4486 Cautionum
872 4380 909 4429 tn
911 4355 1069 4488 aliam
1086 4373 1291 4485 mutaretur
1321 4353 1409 4484 ab
1400 4353 1500 4450 ipsis

285 4535 306 4574 1.
326 4505 414 4573 Εῖκιί.
428 4519 529 4589 Relrg,
503 4481 623 4573 Fevr.
640 4483 733 4590 i895,
732 4484 758 4590 p
774 4535 833 4590 259.

282 4613 305 4654 2.
327 4600 392 4666 Mgr
405 4599 440 4653 de
452 4600 622 4668 'tSerclaes,
637 4600 676 4652 Le
690 4601 766 4669 Papc
779 4601 856 4654 Llon
868 4600 956 4671 XIII,
972 4601 1011 4671 ΙΙ,
1025 4600 1069 4656 ch
1084 4611 1310 4672 xxv111,p.127.

282 4692 306 4749 3.
326 4664 478 4735 EtudcsS.
489 4678 516 4749 l
518 4689 558 4750 ,t
573 4680 616 4751 64,
629 4695 693 4752 pag
709 4692 741 4751 25
755 4689 783 4737 et
796 4697 856 4753 seq
