3496 5482
244 487 928 498 ——am-—-—-—-—-a

700 544 823 596 crpus
849 543 1041 596 ocravun.
1434 526 1502 615 187

241 705 446 779 exercitum
469 705 650 785 Italicum
670 706 835 804 q'uinque
860 703 920 778 vel
945 703 992 776 ad
1011 728 1196 777 summum
1217 729 1284 778 sex
1304 707 1405 780 banc
1419 724 1502 804 pto-

243 822 467 919 positionem
487 841 710 921 acceperunt
729 822 804 923 (Ἴ.)
829 822 880 896 Et
904 822 1107 918 Papa-Rex
1141 847 1214 896 non
1245 823 1438 899 habuisset
1466 824 1502 898 in

247 941 352 1018 Urbe
372 942 441 1016 nisi
461 950 509 1035 46
527 942 708 1018 electores
727 942 797 1016 sibi
816 939 1018 1039 propitios!

292 1075 326 1135 9.
348 1062 431 1136 Nec
456 1080 559 1136 tanta
589 1063 769 1158 impietas,
803 1077 907 1134 tanta
941 1058 1132 1157 injustitia,
1161 1060 1368 1158 hypocrisis
1400 1078 1504 1136 tanta

243 1198 443 1278 potuerunt
471 1181 559 1278 quin
602 1205 758 1267 amaros,
797 1180 873 1252 imo
904 1177 1157 1252 amarissimos
1190 1178 1329 1253 ferrent
1365 1179 1504 1254 fructus

247 1299 410 1397 Europae
422 1300 607 1396 gentibus.
623 1298 796 1397 ingentia
814 1314 900 1376 sunt
920 1295 1016 1369 mala
1032 1295 1185 1370 moralia
1204 1315 1242 1371 et
1257 1297 1401 1395 injuriae
1420 1323 1504 1396 quae

245 1444 292 1492 ex
314 1418 530 1492 Massonica
548 1418 789 1514 usurpatione
820 1433 858 1490 et
880 1414 1127 1510 occupatione
1159 1416 1291 1490 Romae
1310 1416 1377 1490 toti
1405 1414 1504 1491 civili

245 1535 413 1610 societati
442 1553 530 1610 sunt
561 1534 660 1609 illata
695 1559 854 1631 eamque
885 1533 990 1631 quasi
1028 1531 1262 1608 labefactant.
1302 1534 1359 1608 Ita
1395 1535 1505 1609 docet

250 1654 435 1753 Magister
449 1679 645 1750 supremus
667 1653 754 1727 Pius
779 1652 846 1727 IX.
920 1696 924 1704 ·

297 1768 352 1871 (ι)
379 1772 543 1845 Primum
573 1771 711 1846 malum
729 1788 788 1846 est
816 1771 1040 1867 principium
1071 1796 1144 1846 non
1164 1772 1443 1844 interventionis
1470 1769 1506 1842 in

247 1891 391 1987 praxim
410 1890 532 1987 palam
552 1890 745 1965 reductum
760 1906 798 1964 et
816 1907 946 1963 contra
960 1915 1109 1963 causam
1127 1889 1371 1988 justissimam
1391 1889 1506 1997 appli-

247 2026 379 2083 catam.
389 2010 592 2084 Abstinere
612 2035 685 2083 non
706 2034 903 2106 possumus
922 2009 1011 2106 quin
1031 2020 1170 2105 praeter'
1179 2008 1250 2081 alia
1269 2007 1507 2106 deploremus

248 2128 434 2202 funestum
465 2153 508 2203 ac
533 2128 782 2226 perniciosum
811 2127 1042 2223 principium,
1071 2126 1170 2224 quod
1204 2144 1340 2200 vocant
1362 2127 1410 2200 de
1436 2152 1507 2200 non

248 2247 465 2333 interventu,
484 2272 506 2319 a
524 2246 747 2344 quibusdam
765 2245 966 2344 guberniis,
996 2245 1130 2318 ceteris
1149 2244 1404 2331 tolerantibus,
1425 2269 1508 2341 pro·

250 2363 458 2451 clamatum,
474 2382 511 2438 et
530 2363 738 2438 adhibitum
758 2364 871 2438 etiam
890 2389 973 2436 cum
989 2363 1036 2436 de
1053 2362 1188 2460 injusta
1202 2361 1356 2461 alicujus
1374 2363 1509 2462 guber-

251 2484 300 2555 nii
320 2500 449 2555 contra
467 2482 565 2556 aliud
585 2482 829 2581 aggressione
856 2498 1010 2578 agatur;
1041 2480 1091 2554 ita
1122 2498 1161 2553 ut
1193 2480 1364 2577 quaedam
1393 2480 1508 2556 veluti

249 2601 449 2698 impunitas
480 2601 684 2698 impetendi
714 2599 835 2673 aliena
865 2601 959 2697 jura,
995 2600 1240 2696 proprietates
1273 2625 1314 2673 ac
1346 2598 1508 2675 ditiones

249 2740 379 2793 contra
394 2720 541 2793 divinas
560 2721 818 2815 humanasque
848 2716 951 2815 leges
981 2717 1114 2791 sanciri
1142 2717 1313 2793 videatur
1330 2747 1338 2806 ;
1358 2743 1405 2793 ex
1432 2743 1509 2820 quo

249 2837 457 2934 perniciosa
475 2838 715 2934 consequitur
733 2835 952 2919 absurditas,
974 2835 1138 2908 alienum
1160 2861 1294 2933 nempe
1322 2837 1509 2911 interven-

250 2974 328 3028 tum
348 2955 543 3029 dumtaxat
563 2954 708 3028 admitti
721 2954 768 3026 ad
788 2953 1029 3028 rebellionem
1049 2954 1301 3027 suscitandam
1321 2953 1376 3053 (²)
1390 2955 1406 2980 '⁸

300 3071 357 3173 (2)
377 3073 455 3148 Sed
473 3091 510 3148 et
529 3074 600 3146 alia
620 3072 715 3146 mala
734 3073 770 3145 in
799 3072 1039 3170 usurpatione
1070 3071 1241 3145 Romana
1259 3072 1507 3149 cumulantur.

253 3202 273 3231 ‘⁸
293 3192 431 3290 Agitur
448 3193 547 3266 enim
568 3192 614 3265 de
635 3192 798 3265 immana
816 3188 1028 3278 violatione,
1048 3216 1132 3288 quae
1150 3201 1278 3265 contra
1302 3191 1512 3264 universale

243 3311 414 3407 gentium
437 3312 497 3409 jus
517 3310 688 3407 nequiter
706 3328 762 3383 est
782 3327 937 3405 patrata,
958 3333 1127 3406 quaeque,
1149 3310 1217 3382 nisi
1238 3309 1391 3383 omnino
1410 3335 1510 3385 coer-

250 3447 385 3515 ceatur,
407 3429 513 3502 nnllo
531 3429 695 3524 deinceps
713 3427 875 3525 legitimi
885 3428 1058 3525 cujusque
1065 3429 1175 3525 jures
1178 3427 1511 3525 firmitasaesecn-

252 3547 347 3620 rr'tos
358 3546 498 3643 poterit
511 3546 714 3620 consistere.

303 3663 357 3762 (3)
379 3664 550 3764 “Agitur
579 3663 627 3737 de
660 3663 867 3737 rebellionis
884 3664 1075 3760 principio
1105 3691 1152 3740 ex
1181 3689 1257 3761 quo
1276 3689 1434 3761 pronum
1454 3681 1512 3739 est

252 3782 467 3881 intelligere,
489 3800 668 3880 quantum
688 3783 821 3878 cuique
840 3781 1023 3880 gubernio
1042 3784 1240 3857 discrimen
1260 3800 1508 3879 comparetur,

251 3920 289 3976 et
307 3920 447 3997 quanta
465 3902 501 3974 in
523 3902 734 3973 universam
764 3900 911 3973 civilem
940 3901 1158 3976 societatem
1188 3900 1372 3976 redundet
1391 3900 1511 3996 perni-

251 4020 336 4103 cies,
358 4044 440 4091 cum
461 4023 512 4091 ita
532 4018 631 4092 fatali
651 4019 924 4092 communismo
943 4019 1066 4092 aditus
1085 4020 1283 4115 aperiatur.

304 4134 360 4235 (4)
383 4148 402 4174 ‘⁴
421 4137 560 4233 Agitur
578 4137 625 4210 de
643 4137 789 4209 violatis
805 4137 1024 4210 solemnibus
1034 4137 1336 4222 conventionibus,
1357 4135 1512 4233 quae,uti

252 4254 407 4327 aliorum
443 4255 729 4350 Principatuum,
763 4255 813 4327 ita
837 4255 947 4327 etiam
976 4255 1095 4328 civilis
1131 4254 1334 4329 Pontificiae
1361 4253 1513 4328 ditionis

252 4390 390 4446 sartam
405 4391 619 4469 tectamque
631 4373 772 4446 servari
787 4373 941 4447 omnino
960 4372 1159 4470 postulant.

306 4537 368 4541 -——-
387 4537 413 4541 --
460 4536 483 4541 -
675 4535 1514 4545 ———————----—-———-——..

294 4623 314 4662 1.
329 4609 451 4676 Vagner.
465 4608 660 4662 L’ottentetete
672 4609 765 4662 Rome.
779 4609 808 4662 6e
817 4609 871 4675 ed,
886 4625 949 4678 pag.
965 4622 1006 4677 75.

291 4701 314 4740 2.
328 4688 470 4756 Alloc.,28
485 4688 562 4756 Sept.
579 4688 654 4743 1860.
