3496 5482
187 455 1449 493 ffl-——w-d—-nh-——n—

668 532 791 585 canuc
817 531 983 584 snxvuu.
1383 529 1454 601 119

189 698 265 774 bris
302 699 391 785 1821
429 696 565 771 iterum
597 695 801 793 praedictas
825 694 1110 770 constitutiones
1132 694 1453 769 Praedecessorum

191 842 340 891 suorum
372 815 593 900 confirmat;
630 832 668 888 et
709 814 928 889 nominatim
959 814 1192 888 carbonarios
1224 810 1449 910 perstringit.

193 945 213 976 “
228 934 414 1011 Simulant
433 933 483 1008 illi
502 933 658 1032 quidem
676 932 902 1032 singularem
918 933 1195 1010 observantiam
1207 949 1245 1007 et
1260 930 1453 1005 mirificum

193 1053 382 1152 quoddam
403 1053 566 1127 studium
589 1053 625 1125 in
656 1051 875 1132 catholicam
898 1050 1183 1151 Religionem...
1206 1051 1282 1124 Sed
1301 1049 1384 1123 libri
1408 1049 1456 1121 ab

193 1173 284 1270 ipsis
301 1171 400 1268 typis
419 1170 521 1256 editi,
542 1195 676 1245 eorum
696 1171 911 1244 catechismi
941 1190 978 1245 et
1010 1188 1158 1255 statuta,
1180 1187 1307 1268 aperte
1336 1168 1456 1242 decla-

196 1313 277 1369 rant
295 1292 534 1367 carbonarios
554 1292 591 1366 id
615 1292 801 1390 praecipue
830 1311 999 1390 spectare
1016 1311 1056 1367 ut
1076 1318 1251 1392 magnam
1269 1288 1454 1364 licentiam

196 1414 329 1511 cuique
347 1413 448 1497 dent,
470 1410 710 1509 religionem,
731 1437 843 1508 quam
862 1410 968 1497 colat,
990 1411 1141 1508 proprio
1160 1409 1311 1509 ingenio
1342 1425 1380 1483 et
1408 1433 1455 1481 ex

196 1531 272 1605 suis
282 1530 521 1627 opinionibus
537 1529 609 1603 sibi
625 1529 804 1630 fingendi;
819 1549 862 1604 'ut
873 1530 968 1628 Jnsu
983 1531 1148 1606 Cunrsrr
1163 1528 1375 1628 passionem
1390 1552 1457 1625 per

197 1650 356 1724 nefarias
375 1649 557 1747 quasdam
585 1649 818 1724 ceremonias
838 1650 1034 1745 profanent
1053 1675 1095 1724 ac
1120 1648 1286 1748 polluant
1304 1674 1311 1733 ;
1342 1664 1456 1744 utque

199 1767 328 1842 Sedem
355 1767 450 1841 hanc
469 1768 701 1865 apostolicam
731 1777 907 1854 evertant,
928 1767 965 1841 in
997 1793 1118 1864 quam,
1140 1767 1315 1865 quoniam
1348 1765 1386 1838 in
1414 1789 1459 1838 ea

198 1885 415 1983 apostolicae
438 1884 650 1960 Cathedrae
679 1911 827 1984 semper
856 1886 976 1985 viguit
997 1886 1242 1983 Principatus,
1274 1884 1465 1981 singulari

198 2005 355 2104 quodam
375 2005 457 2080 adzo
476 2005 708 2102 afficiuntur,
729 2022 766 2080 et
786 2004 962 2102 pestifera
993 2030 1152 2104 quaeque
1180 2031 1222 2080 ac
1253 2003 1460 2103 perniciosa

201 2123 413 2198 moliuntur.
434 2122 453 2151 '¹

259 2250 392 2325 “Non
424 2249 543 2324 multo
572 2266 660 2346 post
691 2252 828 2326 editam
859 2253 953 2328 hanc
983 2280 1005 2328 a
1030 2254 1096 2327 Pio
1114 2253 1193 2326 Vll
1216 2250 1461 2327 Constitutio-

207 2396 304 2458 nem,
326 2413 376 2425 —
406 2368 534 2442 scribit
570 2368 652 2443 Leo
695 2371 777 2445 Xll
808 2373 918 2448 tertio
950 2374 1032 2448 idus
1064 2371 1194 2457 martii,
1225 2369 1461 2469 pontificatus

203 2487 259 2561 sui
304 2487 482 2573 secund0,
530 2488 577 2560 ad
622 2493 835 2586 supremam
881 2492 923 2566 B.
964 2492 1063 2566 Petri
1099 2490 1313 2565 cathedram
1354 2486 1462 2561 nullis

207 2607 358 2682 Nostris
379 2606 524 2680 meritis
543 2607 760 2682 evectiNos
780 2609 916 2685 suimus
933 2639 940 2698 ;
958 2628 996 2686 et
1014 2613 1192 2685 continuo
1209 2633 1359 2683 ornnem
1382 2606 1461 2680 No·

205 2744 320 2798 stram
339 2750 492 2821 operam
511 2726 766 2801 convertimus
786 2728 832 2801 ad
852 2728 1106 2829 detegendum
1125 2728 1208 2825 quis
1232 2743 1332 2801 esset
1363 2724 1461 2799 clan-

205 2842 434 2917 destinarum
466 2859 652 2916 sectarum
686 2862 815 2932 status,
838 2847 921 2942 quis
951 2870 1137 2931 numerus,
1167 2870 1250 2942 quae
1282 2841 1459 2939 potentia.

208 2957 303 3031 Haec
336 2955 564 3053 inquirentes
596 2957 701 3032 facile
733 2959 982 3034 intelleximus
1004 2960 1167 3035 crevisse
1193 2958 1335 3032 illarum
1364 2956 1460 3030 inso-

206 3074 357 3151 len'tiam
377 3075 564 3171 praecipue
583 3077 632 3149 ob
655 3102 783 3151 earum
804 3077 1089 3165 multitudinem,
1112 3077 1220 3152 novis
1242 3074 1353 3149 sectis
1380 3098 1463 3146 auc·

206 3212 292 3268 tam.
317 3195 377 3268 Ex
392 3196 527 3293 quibus
546 3223 589 3272 ea
609 3201 817 3295 praesertim
839 3202 1081 3276 memoranda
1111 3218 1179 3285 est,
1202 3224 1286 3297 quae
1317 3206 1337 3235 “
1369 3194 1463 3269 Uni·

207 3312 399 3387 versitaria
418 3314 435 3339 '’
455 3312 598 3402 dicitur,
621 3317 722 3412 quod
741 3318 871 3393 sedem
906 3337 944 3394 et
972 3317 1198 3394 domicilium
1229 3317 1265 3390 in
1298 3313 1464 3413 pluribus

206 3431 413 3505 studiorum
435 3431 742 3509 universitatibus
763 3435 912 3524 habeat,
934 3438 970 3511 in
991 3438 1126 3535 quibus
1141 3437 1302 3535 juvenes
1320 3458 1342 3506 a
1374 3456 1464 3505 non·

208 3547 315 3623 nullis
335 3550 532 3646 magistris,
554 3552 618 3649 qui
640 3579 705 3627 eos
726 3581 800 3628 non
820 3557 965 3642 docere,
987 3556 1054 3631 sed
1069 3571 1284 3652 pervertere
1299 3550 1462 3635 student,

207 3667 376 3766 ejusdem
397 3669 593 3764 mysteriis,
611 3697 696 3769 quae
708 3673 912 3771 iniquitatis
931 3674 1109 3772 mysteria
1127 3671 1321 3746 verissime
1340 3666 1465 3766 appel·

208 3784 274 3859 lari
293 3785 441 3872 debent,
464 3782 655 3862 initiantur
673 3808 711 3864 et
729 3791 775 3864 ad
796 3817 906 3866 omne
922 3793 1043 3866 scelus
1058 3791 1313 3866 informantur.

263 3921 284 3951 “
304 3911 379 4006 Qui
400 3930 521 3987 metus
540 3933 597 3988 est
617 3917 810 3992 turbarum
830 3937 867 3993 et
886 3919 1111 3994 seditionum
1130 3942 1224 4016 quas
1249 3913 1319 3989 illae
1354 3930 1467 3987 sectae

211 4047 392 4128 perpetuo
412 4029 642 4107 moliuntur?

263 4170 283 4199 ‘⁶
303 4159 400 4254 Quae
419 4160 616 4258 impiarum
636 4165 797 4242 formido
816 4169 985 4257 sicarum,
1005 4196 1099 4268 quas
1120 4169 1157 4242 in
1175 4193 1304 4244 eorum
1337 4189 1466 4264 corpo·

213 4279 313 4352 ribus
332 4276 426 4351 clam
447 4278 628 4379 deligunt,
654 4310 748 4382 quos
768 4287 814 4360 ad
835 4306 994 4364 mortem
1013 4284 1291 4389 designarunt?

265 4416 285 4446 “
306 4406 410 4501 Quot
428 4426 465 4482 et
484 4435 595 4506 quam
615 4415 746 4511 gravia
764 4442 838 4490 non
859 4443 941 4491 raro
962 4413 1165 4493 decernere
1189 4414 1249 4490 vel
1273 4413 1377 4488 inviti
1406 4438 1466 4488 co·

213 4541 361 4624 guntur,
396 4524 459 4621 qui
487 4527 618 4603 iisdem
650 4556 734 4605 cum
765 4554 952 4631 potestate
993 4551 1169 4634 praesunt,
1206 4550 1246 4608 ut
1280 4530 1466 4636 publicam

217 4644 519 4746 tranquillitatem
540 4654 744 4732 tueantur?
