3496 5482
608 556 731 608 cnrur
758 555 957 619 Qunnrun.
1368 552 1414 625 79

156 736 255 793 esset
282 716 484 791 vocandus.
513 714 724 812 Respondit
763 712 948 799 Pontifex,
984 712 1115 787 melius
1146 732 1259 810 atque
1290 713 1416 790 utilius

155 844 257 922 esse,'
269 853 310 909 ut
325 832 385 908 ille
403 833 466 931 qui
481 842 708 931 potestatem
724 830 888 904 habebat
904 855 967 903 rex
983 830 1235 904 nominaretur
1246 847 1284 907 et
1302 850 1415 918 esset,

156 945 267 1051 quani
288 951 395 1050 isqui
412 976 554 1025 merum
569 949 667 1048 regis
684 973 819 1023 nomen
832 947 998 1046 gerebat.
1011 948 1252 1046 Quapropter
1269 950 1416 1037 Franci,

155 1071 329 1145 abdicato
361 1067 575 1143 Childerico
598 1066 673 1153 lll,
697 1067 910 1165 Pipinum
901 1092 937 1140 ru
957 1091 1085 1164 regem
1112 1064 1316 1167 elegerunt,
1354 1068 1417 1167 qui

156 1205 290 1287 postea
320 1185 367 1260 ab
398 1185 599 1284 Episcopis
619 1183 794 1269 Gallias
785 1209 860 1258 rmo
899 1182 1074 1258 iteruma
1100 1182 1295 1280 Stephano
1317 1185 1419 1332 Papa

156 1303 397 1380 solemniter
389 1329 425 1377 tn
446 1327 573 1402 regern
587 1322 721 1376 unctus
740 1302 818 1376 suit.

208 1422 330 1498 Casus
343 1447 436 1520 ergo
455 1420 522 1494 suit
554 1419 768 1519 hujusmodi
800 1438 840 1493 ut
873 1421 910 1494 in
932 1438 1096 1494 mentem
1117 1439 1313 1496 revocetur
1340 1422 1419 1497 haec

155 1540 337 1640 judiciosa
354 1540 642 1614 animadversio
671 1537 714 1613 cl.
740 1537 965 1612 Bellarmimi
984 1566 992 1613 t
1012 1538 1141 1612 “Non
1161 1556 1285 1635 potest
1306 1540 1418 1638 Papa,

159 1677 199 1735 ut
232 1660 346 1756 Papa,
378 1657 565 1731 ordinarie
603 1656 828 1754 temporales
858 1656 1049 1754 Principes
1076 1657 1276 1754 deponere,
1308 1658 1420 1732 etiam

153 1780 255 1880 justa
273 1778 321 1852 de
338 1791 461 1864 causa,
482 1803 528 1853 eo
547 1777 661 1851 modo
683 1801 758 1874 quo
777 1776 931 1872 deponit
955 1775 1177 1873 Episcopos‚
1199 1776 1234 1850 id
1254 1795 1311 1852 est
1330 1794 1421 1851 tam-

29 1949 37 1963 ·
157 1922 268 1994 quarn
284 1896 404 1995 judex
429 1896 637 1970 ordinarius
654 1923 662 1981 ;
682 1912 807 1968 tamen
827 1910 952 1990 potest
971 1912 1116 1967 mutare
1147 1919 1263 1992 regna
1293 1913 1330 1969 et
1360 1896 1422 1969 uni

159 2014 305 2104 aulerre
333 2031 447 2112 atque
471 2011 576 2088 alteri
603 2012 782 2098 conserte,
820 2029 1012 2109 tamquam
1050 2037 1222 2086 summus
1244 2013 1423 2112 Princeps

161 2130 373 2230 spiritualis,
394 2131 424 2205 si
445 2130 481 2205 id
515 2131 766 2205 necessarium
785 2129 832 2204 sit
853 2128 899 2203 ad
918 2130 1125 2203 animarum
1147 2130 1306 2206 salutem
1327 2127 1382 2230 (¹)
1403 2131 1423 2157 ”

210 2246 277 2349 (3).
291 2249 377 2348 Jam
392 2248 587 2349 videamus
602 2248 906 2322 constitutionem
923 2247 1072 2322 finalem
1086 2265 1123 2322 et
1138 2249 1421 2325 coronationem

161 2369 268 2467 quasi
284 2391 377 2443 vere
404 2365 714 2465 providentialem
737 2366 971 2464 Principatus
1004 2366 1219 2464 temporalis
1239 2367 1276 2442 S.
1300 2368 1423 2444 Sedis.

165 2485 261 2560 Haec
273 2504 360 2560 sunt
374 2503 483 2584 gesta
505 2485 579 2559 Dei
597 2510 664 2582 per
685 2484 860 2559 Francos.

153 2654 155 2658 2
213 2603 349 2678 Mense
368 2603 583 2700 Septembri
601 2624 673 2697 754
693 2627 757 2675 rex
780 2603 935 2699 Pipinus
962 2628 1045 2676 cum
1072 2603 1188 2700 copiis
1207 2603 1283 2677 suis
1303 2603 1422 2703 Alpes

159 2740 425 2818 transgressus,
437 2719 774 2819 Longobardorum
791 2745 918 2818 regem
934 2718 1175 2818 Aistulphum
1192 2719 1324 2818 proelio
1335 2721 1423 2796 vicit

155 2820 404 2938 fugatumque
427 2837 628 2934 insequens
657 2837 809 2934 Papiam
837 2836 996 2912 obsedit.
1021 2838 1237 2934 Stephanus
1259 2839 1361 2937 Papa
1383 2840 1418 2915 ll

156 2957 238 3057 regi
260 2956 488 3029 Francorum
514 2955 711 3028 comitatus
731 2974 798 3039 est,
820 2957 886 3028 sed
908 2955 1042 3029 timens
1064 2982 1111 3030 ne
1132 2955 1320 3031 christiani
1340 2985 1423 3033 san-

155 3073 282 3173 guinis
298 3098 396 3162 nova
408 3070 513 3146 fieret
528 3071 669 3156 efsusi0,
687 3097 769 3144 cum
790 3072 921 3168 Pipino
936 3074 1123 3154 convenit,
1145 3092 1183 3147 ut
1202 3078 1364 3173 acceptis
1376 3080 1423 3152 ab

160 3193 362 3289 Aistulpho
375 3194 590 3291 juramento
603 3191 873 3288 obsidibusque
892 3218 959 3288 pro
976 3193 1206 3266 restituenda
1228 3195 1421 3282 Ravenna,

160 3337 233 3413 pax
263 3311 554 3385 concluderetur.
573 3309 643 3383 Cui
668 3309 837 3405 Pipinum
854 3310 906 3382 sic
926 3310 1170 3407 pulcherrima
1187 3315 1423 3409 respondisse

153 3417 314 3506 ‘historia
329 3448 451 3503 narrat
467 3457 473 3502 :
495 3440 514 3467 ‘⁸
530 3430 614 3502 Fiat
627 3429 832 3503 secundum
854 3449 1082 3528 praeceptum
1098 3448 1213 3517 tuum,
1233 3433 1422 3532 benignis·

159 3549 254 3622 sime
286 3547 406 3621 Pater.
428 3547 444 3573 ”
474 3592 522 3602 -
542 3546 754 3643 Spopondit
786 3548 910 3644 itaque
932 3548 1154 3646 Aistulpbus
1181 3550 1251 3624 sub
1271 3552 1422 3626 terribili

159 3684 395 3739 sacramento
426 3684 463 3739 et
496 3690 562 3762 per
593 3665 767 3761 scriptam
802 3666 978 3764 paginam
1005 3692 1045 3739 se
1066 3666 1162 3741 illico
1193 3669 1422 3745 redditurum

163 3783 383 3857 Ravennam
414 3808 496 3856 cum
516 3782 597 3855 aliis
616 3783 839 3857 civitatibus.
855 3783 1003 3877 Quibus
1021 3787 1192 3881 peractis,
1217 3788 1370 3885 Pipinus
1386 3790 1421 3863 in

161 3899 333 3986 Galliam,
352 3900 453 3999 Papa
474 3901 634 3974 Romam
654 3901 774 3974 rediit.
794 3902 975 3976 Attamen
1000 3904 1336 4002 Longobardorum
1357 3932 1421 3982 rex

160 4019 354 4119 promissis
386 4019 595 4094 nullatenus
622 4020 737 4106 stetit,
764 4036 801 4094 et
826 4046 956 4095 versus
987 4020 1099 4096 finem
1130 4023 1298 4120 ejusdem
1335 4025 1422 4099 anni

165 4139 337 4215 Pontifex
370 4139 405 4212 in
426 4139 557 4214 litteris
592 4141 638 4213 ad
661 4141 832 4238 Pipinum
866 4141 913 4215 de
933 4141 1136 4239 Aistulpho
1163 4144 1215 4216 sic
1244 4146 1422 4243 conqueri

151 4277 312 4349 *coactus
331 4257 409 4333 luit:
425 4270 446 4299 ‘⁸
465 4259 499 4331 N
506 4285 548 4333 ec
568 4260 676 4333 unius
693 4260 805 4358 palmi
826 4282 935 4358 terrae
953 4263 1117 4359 spatium
1134 4262 1181 4336 B.
1203 4263 1323 4350 Petro,
1341 4292 1423 4338 san-

160 4373 306 4477 ctaeque
335 4379 409 4467 Dei
431 4378 610 4454 Ecclesiae
643 4379 700 4454 vel
731 4379 942 4478 reipublicae
981 4382 1237 4472 Romanorum
1268 4371 1424 4460 reddere

202 4623 223 4663 r.
237 4609 281 4662 De
294 4610 372 4662 Ram.
387 4609 477 4675 Porri,
492 4610 538 4663 lib.
554 4610 587 4677 V,
601 4627 625 4664 c.
639 4611 663 4665 6.
685 4640 718 4650 -
743 4612 880 4666 Nonnulli
902 4622 997 4668 tamen
1020 4615 1161 4670 Doctores
1175 4613 1242 4668 huic
1260 4612 1425 4668 Bellarmini

161 4689 311 4748 sententiae
324 4689 523 4746 contradicunt
