3496 5482
1302 491 1494 502 ου’-ι...-

245 554 314 625 154
653 555 745 604 ΡΑΡΑ
772 555 831 604 SIT
859 555 933 604 REX
963 554 1091 605 ROMAE.

248 661 521 672 ———
770 663 798 669 -ι
826 662 1015 668 -—--—--——-—-
1028 663 1205 669 --.—·--...-

244 718 388 794 Urbem
412 720 583 806 Romam,
612 719 705 816 proh
737 718 858 794 dolorl
888 718 1020 793 silvam
1040 718 1277 794 frementium
1296 720 1498 795 bestiarum

240 862 324 913 esse
339 837 483 923 saetam,
498 864 582 912 cum
601 864 648 912 ex
664 839 828 911 omnium
860 839 1051 913 nationum
1071 838 1285 913 hominibus
1303 838 1498 925 redundet,

240 956 302 1052 qui
322 955 381 1031 vel
401 974 592 1054 apostatae,
609 957 668 1032 vel
688 958 862 1043 haeretici,
879 957 938 1032 vel
953 959 1210 1032 communismi
1221 977 1285 1031 aut
1302 955 1503 1033 socislnmi

241 1075 419 1173 magistri,
440 1077 606 1149 omnium
626 1096 771 1151 mentes
790 1095 827 1151 et
846 1077 991 1151 animos
1010 1093 1224 1173 pervertere
1249 1093 1440 1171 conantur,
1460 1093 1501 1148 ut

242 1189 278 1263 in
301 1190 407 1266 Urbe
432 1193 523 1289 ipsa,
544 1194 575 1266 si
602 1193 682 1269 fieri
710 1220 874 1293 unquam
907 1213 1044 1291 posset,
1070 1192 1261 1268 catholicae
1292 1190 1501 1291 Religionis

241 1310 418 1384 sanctitas
440 1330 479 1386 et
510 1311 787 1386 irreformabilis
806 1312 892 1387 fidei
912 1311 1040 1411 regula
1058 1312 1284 1408 depravetur
1314 1309 1367 1409 (¹).
1396 1309 1415 1336 ”
1439 1309 1499 1383 En

242 1428 367 1525 itaque
381 1453 475 1526 opus
494 1455 622 1505 eorum
638 1431 700 1527 qui
715 1432 800 1528 jure
821 1431 1029 1528 meritoque
1046 1429 1306 1524 communismi
1326 1447 1363 1503 et
1382 1428 1498 1503 socia·

241 1546 337 1621 lismi
357 1550 523 1648 magistri
538 1550 697 1624 vocandi
711 1569 816 1624 erant
830 1551 838 1624 l

268 1654 269 1658 ¹
292 1679 326 1740 8.
349 1666 423 1741 Die
437 1693 528 1767 ergo
546 1693 592 1761 24
610 1669 839 1752 Novembris
851 1670 943 1759 1848
960 1668 1030 1741 sub
1048 1691 1206 1764 vespere
1224 1665 1389 1753 PiusIX,
1404 1663 1498 1738 clam

241 1802 280 1859 et
298 1804 338 1860 ut
356 1788 514 1885 simplex
533 1789 708 1863 sacerdos
726 1790 895 1873 vestitus,
921 1813 1049 1862 secum
1079 1784 1202 1860 ferens
1226 1784 1498 1858 sanctissimam

245 1902 529 1992 Eucharistiam,
546 1907 668 1980 Roma
683 1906 870 2004 proiectus
889 1905 1076 2001 adjutorio
1094 1902 1301 2001 legatorum
1320 1900 1499 1999 diploma-

171 2059 174 2066 ·
243 2021 398 2096 ticorum
431 2025 615 2098 variarum
645 2026 849 2111 nationum,
870 2022 1039 2121 exceptis
1068 2021 1252 2096 Sardiniae
1280 2037 1318 2095 et
1336 2019 1498 2118 Angliae‚

243 2139 413 2241 Cajetam
426 2142 540 2238 petiit,
555 2168 675 2239 eoque
689 2142 867 2240 postridie
879 2140 1041 2226 advenit,
1055 2158 1167 2237 atque
1193 2142 1289 2214 mox*
1302 2137 1501 2237 magnifice

242 2283 264 2330 a
284 2283 372 2358 rege
393 2260 633 2334 Ferdinando
656 2261 670 2334 Ι
694 2260 857 2358 hospitio
876 2279 1067 2356 exceptus.

298 2377 373 2450 Ubi
406 2379 564 2476 primum
595 2379 719 2477 sugam
751 2378 941 2454 Pontificis
968 2380 1134 2455 audisset
1161 2377 1238 2450 dux
1268 2394 1307 2451 et
1342 2376 1501 2449 dictator

244 2495 469 2593 Cavaigmc,
490 2497 552 2594 qui
572 2517 659 2571 tunc
677 2515 788 2594 caput
807 2514 886 2570 erat
906 2494 1077 2594 guberuii
1099 2494 1242 2580 Gallici,
1264 2494 1353 2591 quin
1376 2513 1500 2568 tamen

243 2611 313 2710 ipsi
329 2614 546 2688 Dominium
560 2615 764 2713 temporale
783 2615 966 2690 incolume
981 2641 1131 2690 servare
1144 2613 1502 2708 intenderet,sponte

240 2730 352 2829 jussit
382 2754 480 2826 3500
499 2733 633 2808 milites
664 2746 747 2807 c'um
767 2733 884 2807 classe
907 2730 1002 2807 illico
1025 2735 1184 2807 Romam
1204 2730 1384 2829 proficisci
1406 2730 1502 2804 Pon·

245 2850 380 2925 tificem
397 2853 595 2926 reducendi
611 2853 746 2950 gratia;
765 2853 866 2950 quod
881 2870 1006 2927 tamen
1021 2853 1167 2927 nonnisi
1183 2868 1314 2950 postea
1328 2851 1501 2925 eflectum

245 2987 302 3044 est
329 2971 400 3045 sub
426 2973 709 3047 ex·carbonario
732 2973 1179 3070 Ludovico-Napoleone,
1209 2975 1266 3046 cui
1291 2973 1393 3046 cordi
1424 2988 1503 3046 erat

246 3086 340 3161 hanc
354 3091 515 3186 arripere
527 3091 760 3165 occasionem
776 3109 816 3164 ut
830 3091 934 3165 brevi
950 3110 1036 3188 post
1049 3092 1095 3165 ad
1113 3093 1267 3188 primam
1281 3090 1502 3189 dignitatem

246 3207 474 3281 ascenderet.

296 3337 329 3398 9.
354 3324 366 3397 l
374 3325 506 3399 nterim
526 3327 691 3400 omnium
714 3327 926 3423 Principum
946 3327 1212 3402 catholicorum
1232 3353 1343 3424 opem
1373 3325 1502 3423 implo-

246 3460 393 3516 raverat
426 3443 536 3517 Pater
567 3444 668 3517 orbis
699 3444 895 3519 catholici:
926 3455 944 3484 ‘¹
974 3446 1036 3520 Ab
1064 3446 1228 3532 Austria,
1257 3446 1386 3542 inquit,
1420 3469 1503 3541 quae

249 3559 452 3634 Pontificiae
487 3560 638 3636 Nostrae
662 3562 804 3648 ditioni,
835 3564 883 3636 ad
914 3565 1219 3659 septentrionem,
1247 3563 1402 3637 finitima
1433 3580 1501 3649 est,

246 3676 423 3752 auxilium
443 3704 488 3752 eo
506 3704 597 3754 sane
615 3679 790 3754 libentius
821 3679 1120 3780 efflagitavimus,
1141 3681 1241 3778 quod
1263 3681 1342 3777 ipsa
1361 3698 1503 3776 tempo-

247 3797 312 3871 rali
333 3796 561 3894 Apostolicae
580 3796 691 3873 Sedis
722 3797 889 3872 dominio
909 3799 1049 3873 tuendo
1067 3800 1257 3898 egregiam
1277 3824 1383 3872 suam
1408 3823 1504 3873 sem·

247 3942 313 4014 per
330 3941 482 4012 operam
503 3917 705 3991 navaverit.

298 4044 318 4073 ‘⁴
341 4032 446 4106 Idem
465 4032 641 4106 auxilium
660 4060 682 4107 a
701 4034 845 4110 Gallica
866 4036 1015 4109 natione
1034 4036 1365 4131 expostulavimus.
1459 4077 1462 4084 ·

299 4162 319 4191 “
343 4151 539 4249 Hispaniae
557 4177 707 4249 quoque
725 4178 836 4249 opem
857 4154 1125 4240 invocavimus,
1155 4179 1239 4251 quae
1270 4153 1360 4227 alias
1378 4152 1504 4228 catho-

207 4308 210 4312 <
246 4270 334 4344 licas
361 4269 530 4343 nationes
560 4270 716 4365 primum
747 4271 936 4356 excitavit,
971 4289 1009 4344 ut
1037 4270 1137 4344 filiali
1165 4271 1327 4368 quodam
1365 4271 1505 4346 loedere

247 4390 343 4463 inter
373 4413 413 4462 se
447 4387 559 4472 unito,
593 4411 829 4462 communem
859 4388 1022 4464 fidelium
1059 4391 1217 4475 Patrem,
1250 4391 1286 4464 iu
1315 4390 1503 4489 propriam

247 4508 386 4585 Sedem
406 4508 583 4582 reducere
601 4507 883 4583 contenderent.

284 4725 305 4766 1.
325 4711 414 4766 Alloc.
430 4710 562 4781 Quantis,
576 4724 611 4763 20
623 4710 738 4780 Aprilis,
755 4711 831 4780 1849.
