3496 5482
725 524 817 574 ΡΑΡΑ
843 524 903 576 sn*
930 524 1006 575 REX
1033 523 1161 576 ROMAE.

523 633 526 635 .
555 630 643 635 -..
655 629 798 636 “um.
816 629 859 634 -—
874 628 1186 636 —ffl—-ssa
1215 630 1246 635 -.
1257 630 1436 636 .,-..--....-
1475 632 1518 637 -,
1534 632 1566 638 —

313 682 360 756 ad
386 682 537 779 impiam
566 701 706 757 sectam
733 681 935 756 efficaciter
960 683 1253 782 oppugnandam
1273 686 1364 760 satis
1383 710 1572 784 superque

307 802 387 900 jam
406 799 662 897 explicuimus,
684 817 723 873 ut
743 800 902 898 quisque
926 801 1036 900 juxta
1064 825 1110 874 ea
1146 825 1270 875 mores
1299 825 1433 900 gerere
1455 802 1575 898 possit

312 921 575 1018 communique
594 920 746 995 studere
765 919 887 995 saluti.

363 1055 395 1114 7.
415 1040 489 1114 Ast
507 1039 631 1113 studio
660 1057 697 1113 et
729 1036 845 1112 labori
878 1038 1148 1113 concomitetur
1178 1037 1350 1114 catholici
1382 1037 1574 1114 militantis

313 1157 460 1255 publica
489 1156 683 1255 professio.
706 1156 866 1230 “Corde
885 1156 984 1230 enim
1012 1155 1174 1231 creditur
1202 1157 1249 1232 ad
1271 1155 1482 1255 justitiam;
1507 1182 1575 1231 ore

311 1296 436 1351 autem
454 1275 641 1350 confessio
659 1274 701 1348 fit
718 1275 765 1348 ad
785 1274 942 1350 salutem
962 1273 1018 1374 (¹).
1033 1275 1050 1301 ’⁹

366 1394 409 1468 ln
429 1393 655 1492 praecedenti
674 1393 795 1490 capite
814 1392 913 1466 haud
943 1393 1102 1468 obscure
1127 1393 1326 1482 innuimus,
1346 1393 1492 1481 decere,
1509 1419 1572 1468 ex·

311 1511 450 1608 pedire,
467 1512 542 1586 imo
557 1529 740 1610 oportere,
758 1510 928 1585 nationes
943 1509 1143 1586 catholicas
1155 1537 1221 1586 seu
1234 1536 1323 1585 vere
1337 1511 1570 1598 christianas,

313 1654 443 1705 vocem
463 1630 596 1704 efferre
614 1648 727 1726 atque
745 1629 920 1703 omnibus
939 1627 1115 1728 legitimis
1134 1630 1187 1704 uti
1213 1629 1345 1704 mediis
1372 1629 1409 1704 in
1436 1630 1572 1729 guber·

312 1745 372 1819 nia
391 1746 609 1843 respectiva,
628 1750 679 1820 'ne
696 1748 905 1821 communis
926 1747 1047 1822 Patris
1070 1747 1126 1821 sui
1145 1747 1310 1823 conditio
1330 1746 1572 1823 intolerabilis

310 1861 459 1963 longius
487 1864 739 1961 protrahatur;
766 1881 826 1937 ast
851 1864 911 1939 hic
932 1866 1012 1964 jam
1040 1865 1179 1940 dictum
1208 1865 1371 1963 arripere
1400 1865 1572 1941 volumus

311 1982 475 2078 ipsorum
495 1984 727 2059 inimicorum
755 2003 792 2058 et
810 1983 1054 2081 spoliatorum
1084 1985 1123 2059 S.
1145 1984 1267 2059 Sedis.
1290 1984 1491 2082 “Oportet
1517 2009 1571 2059 re·

311 2100 459 2188 bellare,
482 2101 659 2177 rebellare
678 2103 855 2177 continuo
870 2102 877 2177 Ι
891 2103 908 2128 ”
927 2103 981 2177 sic
1000 2103 1103 2177 aiunt
1119 2131 1126 2189 ;
1142 2128 1210 2178 nos
1228 2122 1353 2178 autem
1374 2102 1572 2177 immutato

310 2217 446 2318 adagio
465 2220 501 2292 in
523 2221 679 2319 justitiae
706 2245 856 2294 causam
884 2239 1061 2318 tanquam
1080 2221 1269 2295 communi
1288 2219 1455 2295 omnium
1473 2219 1571 2318 aspi·

311 2337 494 2412 rationum
514 2337 649 2435 placito
668 2339 903 2413 insistemus:
926 2340 1122 2436 “Oportet
1141 2338 1351 2424 reclamare,
1369 2338 1571 2413 reclamare

310 2455 487 2530 continuo
506 2456 543 2529 in
565 2455 815 2553 Principatum
836 2456 875 2531 S.
898 2455 1018 2531 Sedis.
1039 2456 1056 2484 '’

366 2572 427 2647 De
463 2573 621 2648 utilitate
653 2599 920 2674 congressuum
953 2573 1219 2651 catholicorum
1251 2572 1332 2648 haec
1361 2572 1455 2647 dixit
1482 2572 1571 2648 olim
1640 2591 1643 2594 ’

312 2691 400 2765 Pius
432 2691 512 2765 IX:
546 2705 566 2730 ‘¹
592 2710 632 2766 ut
661 2690 842 2765 malorum
866 2693 978 2767 initiis
1006 2710 1044 2767 et
1074 2691 1269 2790 praecipuis
1301 2717 1369 2789 pro
1403 2690 1570 2765 locorum

310 2809 529 2885 diversitate
558 2808 806 2907 periculorum
843 2810 1009 2885 sontibus
1049 2809 1238 2884 communi
1275 2808 1569 2909 investigatione

311 2930 526 3026 perspectis,
549 2930 619 3003 sub
649 2929 870 3005 auctoritate
901 2926 943 3004 ac
975 2931 1086 3006 ductu
1119 2931 1157 3006 S.
1188 2929 1310 3017 Sedis,
1340 2928 1572 3027 promptiora

178 3026 180 3030 Α
240 3124 243 3129 ,
311 3044 382 3120 illis
403 3048 568 3123 remedia
586 3074 804 3145 comparare
823 3048 982 3125 valeant.
1003 3050 1019 3076 ”
1037 3047 1080 3148 (²)

366 3166 458 3240 Ideo
476 3167 596 3262 primo
614 3167 771 3263 quaestio
799 3167 970 3240 Romana
993 3191 1119 3264 magur
1137 3167 1316 3240 habeatur
1335 3166 1372 3239 in
1397 3163 1571 3238 omnibus

312 3303 349 3359 et
367 3284 522 3383 singulis
541 3283 788 3358 conventibus
807 3285 998 3359 catholicis
1019 3287 1053 3358 in
1078 3285 1242 3380 Europa.

363 3402 480 3499 Cujus
501 3401 718 3475 universalis
738 3400 1010 3476 reclamationis
1036 3401 1228 3498 exemplar
1245 3419 1379 3485 exstat,
1402 3398 1571 3473 omnium

311 3519 427 3594 oculis
440 3520 705 3604 exhibendum,
719 3523 755 3592 in
768 3519 1081 3595 declarationibus
1097 3520 1283 3593 variorum
1299 3542 1571 3615 congressuum

312 3639 575 3714 catholicorum
595 3659 861 3725 anteactorum,
883 3659 923 3714 ut
947 3667 980 3713 v.
1001 3666 1036 3737 g,
1067 3663 1291 3738 congressus
1321 3635 1570 3720 Coloniensis,

312 3758 547 3842 Viennensis,
566 3756 812 3842 Confluensis,
834 3757 1095 3832 Dantiscensis
1110 3779 1256 3831 necnon
1275 3752 1570 3838 Mechliniensis,

316 3875 634 3972 Ulyssiponensis‚
674 3875 1045 3974 Caesaraugustanus,
1089 3873 1289 3959 Pestensis,
1327 3870 1572 3945 Baltimoren·

312 3995 362 4067 sis
383 3993 438 4091 (³),
463 3994 694 4077 Leodiensis,
720 3995 973 4079 Monacensis,
996 3993 1292 4069 Tremoniensis.

1339 4105 1566 4113 —..—-—-—

351 4147 372 4185 1.
386 4133 474 4198 Rom,
488 4144 518 4199 x,
532 4147 570 4184 10.

348 4226 372 4265 2.
393 4211 510 4280 Encycl.
525 4211 653 4264 Nostis8
669 4211 736 4264 Dec.
755 4211 831 4280 1849.

347 4305 371 4358 3.
385 4289 459 4344 Exin
473 4308 498 4344 v.
508 4307 534 4358 g.
549 4290 578 4343 in
589 4306 743 4358 congressu
758 4291 958 4346 Baltimorensi
973 4307 1049 4346 anno
1066 4291 1133 4359 1889
1147 4288 1369 4358 celebrato,haec
1383 4285 1499 4357 protulit
1514 4285 1574 4358 qui·

311 4370 378 4424 dam
394 4371 429 4422 Ι).
442 4370 534 4424 Carol.
550 4370 711 4438 Bonaparte
721 4386 756 4423 ex
767 4370 854 4441 stirpe
867 4371 983 4425 Luciani
999 4373 1161 4440 Bonaparte
1176 4380 1263 4436 ortus,
1277 4370 1398 4438 loquens
1413 4368 1465 4420 sub
1480 4366 1574 4436 auspi·

312 4449 364 4504 ciis
376 4450 526 4519 potestatis
545 4447 635 4501 civilis
657 4465 691 4502 ac
713 4450 915 4506 ecclesiasticae
937 4453 964 4505 in
987 4451 1139 4505 America:
1166 4451 1181 4476 “
1197 4451 1219 4503 F
1223 4449 1374 4502 irmissima
1395 4454 1503 4511 nostra,
1525 4446 1575 4512 ait,

313 4529 415 4584 fiducia
428 4546 462 4583 ac
476 4527 621 4598 persuasio
634 4528 696 4583 haec
709 4539 760 4595 est,
776 4531 889 4600 plenam
903 4533 930 4585 S.
947 4531 1030 4585 Sedis
1041 4529 1202 4584 libertatem
1216 4525 1408 4583 necessariam
1422 4543 1485 4579 esse
1495 4525 1575 4580 sami·

312 4609 357 4664 liae
371 4609 512 4674 humanae‚
526 4606 743 4677 libertatemque
756 4625 819 4664 enm
833 4610 932 4664 violari
947 4609 1024 4664 idem
1037 4627 1101 4667 esse
1119 4626 1154 4664 ac
1167 4608 1218 4664 toti
1232 4606 1402 4663 humanitati
1423 4621 1575 4659 nocumen-

313 4699 374 4750 tum
387 4687 502 4766 apponi.
518 4688 531 4714 ’¹
