3496 5482
728 474 1057 482 -——-———--—--—--
1069 473 1266 480 ›=·-—---—-.-—
1277 475 1495 488 mun-m.-

588 539 710 591 CAPUT
736 538 915 588 DECIMUM
944 537 1142 600 QUARTUM.
1425 536 1496 610 317

294 697 457 785 Etenim,
491 700 656 774 studium
684 699 869 772 sincerum
900 696 1064 770 historiae
1084 714 1122 771 et
1149 696 1348 797 singularis
1370 696 1498 771 Provi-

243 817 380 892 dentiae
393 817 530 892 exinde
550 817 586 890 in
604 816 857 913 Principatum
877 815 1038 891 §.Sedis
1054 833 1275 913 nostrasque
1299 816 1499 892 societates

242 933 475 1022 illucescens
508 934 644 1011 clarnat
679 935 726 1008 ad
764 934 1072 1010 restaurationem
1105 935 1412 1031 promovendam,
1452 960 1499 1011 ne

242 1053 401 1129 societas
440 1055 511 1128 sub
539 1053 681 1151 impetu
713 1078 878 1128 errorum
910 1051 1100 1127 socialium
1134 1052 1281 1149 penitus
1321 1053 1432 1128 abeat
1461 1054 1498 1128 in

243 1171 397 1246 ruinam.

294 1300 328 1362 2.
350 1289 542 1365 Sed'eheu
559 1289 565 1365 !
584 1309 624 1364 ut
647 1289 821 1364 Pontifex
848 1289 928 1387 ipse
956 1288 1200 1364 lamentatur:
1218 1289 1354 1387 quibus
1373 1289 1409 1364 in
1429 1290 1499 1366 Ca·

243 1407 414 1482 thedram
434 1428 471 1483 et
494 1408 745 1505 Principatum
768 1408 927 1482 Romani
951 1406 1142 1482 Pontificis
1160 1424 1247 1482 ante
1267 1408 1322 1482 usi
1341 1427 1429 1484 sunt
1448 1408 1501 1482 in·

245 1525 359 1614 sidiis,
383 1526 554 1601 “iisdem
591 1523 775 1626 (quoque)
809 1524 1146 1600 machinationibus
1176 1544 1213 1600 et
1249 1525 1362 1600 hodie
1391 1526 1501 1601 datur

245 1667 369 1740 opera,
393 1661 442 1732 ut,
463 1645 493 1718 si
506 1669 669 1742 unquam
689 1643 791 1730 alias,
813 1662 914 1719 certe
932 1643 1003 1718 hoc
1023 1662 1192 1742 tempore
1213 1643 1301 1718 illud
1320 1644 1501 1719 veredici

245 1762 373 1858 possit,
394 1779 512 1837 artem
532 1762 747 1837 historicam
766 1762 1060 1837 coniurationem
1087 1761 1279 1837 hominum
1300 1762 1418 1838 videri
1437 1763 1502 1837 ad·

246 1904 377 1953 versus
401 1881 608 1956 veritatem.
626 1880 643 1908 '¹

297 1997 439 2074 Sicut“
459 2001 577 2076 tribus
608 2020 696 2077 ante
728 2000 884 2077 saeculis
915 2003 1013 2077 istud
1048 2001 1255 2077 lacessendi
1290 2000 1499 2077 Ecclesiam

245 2143 366 2218 genus
387 2145 613 2217 usurpavere
633 2145 722 2218 prae
740 2121 872 2196 ceteris
888 2121 1170 2196 Centuriatores
1196 2121 1501 2220 Magdeburgen·

246 2262 317 2323 ses,
343 2236 404 2323 ita,
436 2238 573 2312 nostris
601 2239 831 2337 temporibus
862 2265 991 2314 eorum
1016 2239 1230 2336 exemplum
1260 2264 1393 2313 omnes
1423 2238 1500 2313 lere

247 2352 408 2441 scholae,
439 2380 537 2453 quae
565 2383 586 2429 a
615 2358 783 2431 doctrina
813 2357 931 2432 veteri
954 2356 1180 2443 defecerunt,
1212 2375 1497 2443 renovaverunt,

247 2458 387 2547 scilicet
405 2471 665 2550 calumniando
678 2475 716 2550 S.
738 2475 878 2552 Sedem
898 2474 957 2550 vel
970 2475 1065 2550 circa
1085 2476 1180 2549 lacta
1199 2475 1310 2550 obvia
1329 2492 1366 2549 et
1385 2474 1501 2548 socia·

249 2589 296 2664 lia
315 2616 511 2688 perperam
527 2592 837 2691 philosophando.
854 2593 869 2620 '¹

302 2710 360 2783 lta
378 2734 452 2784 non
469 2711 560 2809 jam,
579 2730 617 2786 ut
636 2711 898 2798 decet‚clamat
916 2713 1037 2787 omnis
1058 2712 1210 2786 historia
1233 2721 1253 2751 “
1276 2711 1401 2786 Deum
1417 2736 1502 2786 esse

248 2830 311 2928 qui
328 2856 449 2905 rerum
473 2830 681 2907 mortalium
702 2833 824 2907 varios
851 2853 1128 2933 perpetuosque
1160 2850 1282 2907 motus
1302 2831 1502 2929 providen-

249 2949 391 3023 tissime
407 2949 502 3048 regit
521 2975 661 3047 eosque
680 2949 739 3024 vel
760 2951 885 3026 invitis
905 2951 1118 3025 hominibus
1132 2951 1178 3024 ad
1200 2948 1394 3025 Ecclesiae
1412 2974 1503 3023 suae

251 3067 479 3141 incrementa
516 3068 689 3142 transfert
709 3067 763 3169 (¹),
787 3069 802 3094 '⁹
834 3071 900 3144 sed
947 3070 1082 3143 misere
1121 3070 1364 3166 detorquetur
1395 3067 1506 3167 juxta

252 3184 386 3284 placita
402 3187 702 3264 adversariorum
720 3189 768 3262 ad
780 3188 934 3264 consilia
952 3189 1137 3262 variarum
1149 3205 1335 3263 sectarum
1356 3204 1504 3260 natura-

251 3302 417 3378 listarum
433 3304 696 3379 confirmanda.
1488 3289 1493 3298 ⁵

303 3421 401 3497 Tres
413 3423 512 3497 enim
526 3424 707 3499 hodierno
721 3425 782 3499 die
800 3441 949 3499 exstant
961 3423 1099 3499 scholae
1111 3423 1297 3498 historicae
1309 3447 1394 3521 quae
1406 3421 1504 3496 lacta

253 3560 290 3615 et
308 3558 416 3639 gesta
435 3541 691 3639 philosophice
709 3545 864 3618 scrutari
877 3563 1059 3620 conantur
1071 3564 1111 3619 ut
1140 3544 1227 3617 inde
1245 3543 1507 3639 experimenta

253 3659 456 3757 disciplinae
475 3680 513 3736 et
531 3662 672 3736 ordinis
703 3663 849 3739 socialis
880 3665 1114 3761 depromant.
1132 3664 1205 3736 Ast
1224 3678 1405 3760 quantum
1424 3660 1509 3732 duae

253 3779 396 3875 priores
414 3805 436 3852 a
454 3781 612 3856 veritate
631 3782 804 3855 aberrent
823 3807 898 3856 non
918 3808 1115 3880 possumus
1130 3781 1220 3878 quin
1238 3779 1406 3853 dicamus
1425 3777 1482 3877 (Ἰ.

304 3895 369 3994 A)
387 3896 511 3971 Prima
545 3898 673 3977 schola
701 3900 759 3973 cui
786 3899 1010 4000 suffragatur
1049 3899 1200 3973 Herder
1227 3896 1507 3995 pantheismum

255 4012 371 4101 olens,
392 4016 497 4111 ponit
527 4043 637 4091 unam
657 4018 905 4116 eamdemque
922 4045 1006 4094 esse
1029 4019 1102 4092 Dei
1128 4035 1167 4090 et
1197 4040 1319 4090 rerum
1341 4013 1508 4089 omnium

256 4132 503 4208 substantiam
524 4135 581 4210 vel
601 4139 803 4212 essentiam
822 4157 860 4213 et
874 4139 911 4211 in
926 4137 1125 4212 eventibus
1145 4132 1295 4209 nonnisi
1306 4131 1510 4206 emanatio·

258 4275 324 4324 nes
343 4250 652 4354 evolutionesque
671 4255 786 4353 ipsius
814 4256 1019 4330 divinitatis
1039 4254 1189 4352 reperit.

311 4368 422 4442 Nunc
442 4370 532 4467 ipsa,
553 4390 592 4446 ut
612 4375 724 4459 aiunt,
748 4373 890 4447 infinita
909 4373 1118 4448 substantia
1136 4395 1283 4446 summe
1301 4368 1417 4442 libera
1443 4366 1510 4440 sed

260 4528 465 4538 --—-——

299 4617 319 4656 v.
332 4603 421 4672 Epist
431 4605 464 4658 dc
475 4607 548 4660 stud.
560 4608 634 4676 hut,
652 4610 681 4663 18
696 4611 767 4680 Aug.
786 4611 860 4678 1883.

296 4697 320 4735 2.
335 4685 366 4735 Α
380 4685 404 4752 J.
420 4685 529 4753 Becart,
554 4688 643 4742 Essai
652 4689 721 4744 dun
731 4691 923 4758 prlcisd'lu'st.
939 4693 1029 4757 uuiu,
1053 4690 1170 4756 lntrod.,
1181 4685 1268 4749 Xlll,
1297 4696 1359 4749 sqq·
