3496 5482
472 735 475 742 ·
542 687 752 770 CAPUT
783 688 1092 769 DECIMUM
1123 689 1438 770 TERTIUM.

363 851 458 932 Per
475 847 850 930 restitutionem
872 847 1096 927 Dominii
1118 848 1162 931 S.
1184 847 1326 930 Sedis
1345 851 1622 950 reintegra-

411 966 552 1048 bitur
589 985 646 1047 ac
689 967 873 1046 iterum
916 966 1297 1048 consecrabitur
1342 967 1619 1065 pristinum

405 1084 490 1186 jus
526 1083 926 1178 internaiionale,
972 1102 1061 1182 per
1106 1088 1133 1124 “
1171 1111 1242 1159 non
1286 1085 1569 1161 interventionis
1597 1088 1620 1120 ¹¹

411 1202 656 1301 placitum
695 1200 894 1282 miserew
918 1206 1225 1301 quassatum,
1267 1206 1317 1283 ei
1352 1206 1461 1284 tuta
1495 1223 1621 1303 pace

410 1318 509 1398 frui
530 1337 587 1399 ac
605 1316 913 1398 efflorescere
937 1319 1121 1416 poterit
1144 1337 1246 1397 non
1265 1319 1432 1397 solum
1457 1320 1617 1415 ltalia,

410 1435 496 1516 sed
524 1439 720 1534 Europa
748 1440 899 1535 atque
918 1440 1054 1517 totus
1073 1441 1321 1517 terrarum
1351 1435 1510 1518 Orbis

401 1717 428 1775 l.
445 1715 547 1775 lllnll
564 1714 785 1773 humanitus
799 1715 1028 1787 sperandum
1041 1719 1097 1773 est
1112 1730 1133 1773 a
1144 1715 1327 1787 gubernio
1342 1717 1565 1778 massonico.
1576 1752 1619 1766 -·

357 1814 391 1874 2.
412 1816 580 1873 Econtra
596 1813 764 1885 precaria
789 1812 927 1872 exinde
942 1814 1065 1871 omnis
1080 1811 1200 1872 iorma
1219 1814 1424 1884 Reglminls
1438 1815 1477 1873 in
1495 1816 1616 1877 Italia.

357 1946 397 1957 —
408 1913 440 1974 3.
454 1915 498 1971 ln
514 1912 645 1983 primis
658 1909 909 1969 monarchica.
923 1909 1007 1969 -4.
1023 1911 1071 1970 Ut
1087 1913 1231 1969 constat
1243 1924 1291 1969 ex
1306 1910 1467 1970 factione
1482 1917 1619 1985 sponte

358 2010 526 2068 inhiante
537 2009 669 2067 formae
679 2007 857 2067 liberiori.
872 2040 909 2050 -
922 2009 955 2069 5.
969 2008 1052 2080 Qua
1063 2021 1110 2066 ex
1121 2020 1161 2066 re
1174 2009 1379 2066 discrimen
1392 2009 1617 2070 maximum.

356 2141 397 2153 -
419 2109 451 2170 6.
475 2107 696 2167 Obventura
717 2105 945 2178 prosperitas
964 2118 1012 2163 ex
1034 2105 1207 2164 restituto
1226 2106 1313 2178 jure
1335 2107 1618 2168 internetionall

356 2222 425 2282 pro
444 2210 572 2266 Roma.
589 2241 628 2249 —
642 2206 675 2266 7.
694 2206 765 2264 Pro
782 2209 859 2264 tota
876 2206 993 2264 ltalia.
1007 2206 1089 2266 -8.
1106 2206 1340 2264 Restauratio
1355 2205 1504 2278 pristini
1516 2208 1618 2280 juris

356 2305 552 2365 christiani
574 2304 743 2377 prolicua
764 2317 915 2376 quoque
931 2305 1119 2362 universae
1143 2305 1315 2376 Europae.
1332 2337 1371 2346 —
1393 2305 1428 2365 9.
1448 2308 1493 2366 Ut
1514 2307 1618 2365 clare

356 2408 503 2464 constat
525 2416 573 2461 ex
589 2402 767 2461 historica
790 2402 1007 2460 evolutione
1030 2400 1240 2460 nationum.
1258 2401 1368 2462 -10.
1394 2402 1449 2460 Ex
1470 2403 1618 2474 origine

355 2502 510 2573 genuini
521 2500 622 2573 iuris
638 2498 938 2557 internatlonalis
960 2512 1036 2571 qua
1054 2500 1202 2570 Europa
1216 2495 1354 2558 floruit.
1371 2532 1410 2541 —
1428 2499 1478 2559 ll.
1496 2498 1617 2558 Rein-

356 2605 525 2673 tegretur
540 2613 628 2671 ergo
643 2611 792 2657 sacrum
804 2597 869 2670 jus
884 2598 999 2657 illud:
1016 2603 1053 2657 et
1068 2603 1187 2657 cesset
1201 2603 1345 2657 armata
1367 2612 1442 2671 pax
1458 2599 1617 2659 hodier-

356 2712 490 2757 narum
518 2699 714 2756 nationum
738 2697 809 2756 sibi
825 2696 988 2755 invicem
1017 2696 1281 2756 invidentium.
1304 2729 1342 2738 -
1373 2696 1425 2756 12.
1445 2699 1544 2769 Papa
1567 2699 1618 2758 sit

356 2797 494 2856 iterum
523 2811 591 2856 rex
622 2798 753 2858 Romae
793 2802 830 2855 et
858 2797 1082 2858 moralitatis
1118 2810 1229 2854 causa
1258 2796 1397 2868 poterit
1432 2802 1619 2860 reassumi

359 2895 572 2958 Concilium
587 2895 809 2955 vaticanum
825 2899 939 2968 atque
954 2895 1125 2954 exhiberi
1144 2895 1340 2968 exemplar
1353 2900 1474 2953 status
1489 2896 1617 2958 civilis

356 3008 446 3053 vere
461 2994 667 3053 christiani.
690 3027 730 3037 -
748 2994 798 3055 13.
818 2994 917 3063 Papa
941 2992 988 3051 sit
1006 2994 1085 3050 Rex
1101 2992 1232 3051 Rornae
1252 2998 1289 3051 et
1304 2993 1469 3064 practice
1484 2998 1618 3052 osten-

357 3094 447 3152 dere
471 3098 611 3166 poterlt
633 3092 824 3166 quomodo
839 3104 931 3150 cura
956 3091 1120 3163 gerenda
1135 3091 1184 3151 sit
1199 3091 1245 3148 de
1270 3093 1487 3151 conditione
1502 3092 1618 3163 opin-

357 3204 455 3250 cum.
481 3226 522 3234 -
545 3191 602 3251 14.
630 3191 728 3264 Papa
751 3195 786 3251 et
819 3190 1025 3249 hodiedum
1055 3192 1178 3247 exstat
1205 3192 1414 3248 necessario
1440 3194 1617 3250 centrum

357 3289 473 3349 totius
487 3291 677 3349 societatis
693 3291 752 3347 cui
768 3293 834 3347 aut
849 3289 1108 3348 adhaerebitur
1122 3293 1188 3347 aut
1202 3289 1493 3348 contradicetur.

411 3577 438 3634 l.
466 3562 555 3646 Sed,
588 3561 771 3660 objiciunt
799 3561 870 3646 alii,
907 3560 1029 3633 nullus
1058 3562 1142 3636 Rex
1165 3562 1291 3651 ltaliae,
1318 3564 1461 3639 Urbem
1481 3569 1617 3645 cedere

358 3698 486 3779 posset
525 3679 706 3765 Pontifici,
744 3680 834 3777 quin
870 3679 996 3751 statim
1033 3699 1253 3778 exsurgeret
1295 3683 1457 3756 maxima
1493 3710 1617 3762 rerum

359 3798 614 3896 perturbatio;
637 3798 758 3870 Roma
789 3815 847 3871 est
882 3813 920 3870 et
958 3815 1085 3870 manet
1113 3799 1381 3896 inlangibilz's!
1408 3801 1619 3881 Definitiva

358 3936 415 3994 est
434 3918 587 3993 actualis
606 3918 777 3992 situatio!

412 4037 640 4134 Distinguo:
672 4036 808 4109 Nullus
842 4036 925 4108 Rex
952 4034 1015 4131 qui
1048 4061 1180 4109 servus
1210 4054 1311 4111 esset
1334 4038 1555 4112 Massonum
1578 4061 1618 4116 et

358 4156 525 4230 studeret
556 4156 719 4251 ipsorum
760 4153 861 4228 falsis
891 4153 1092 4249 principiis,
1139 4157 1329 4243 concedo;
1376 4159 1496 4232 nullus
1531 4161 1618 4236 Rex

311 4322 315 4329 ·
357 4274 420 4373 qui
457 4297 584 4347 veram
619 4273 858 4347 securitatem
887 4295 930 4343 ac
972 4269 1184 4348 felicitatem
1218 4275 1351 4349 Patriae
1386 4276 1502 4351 Italiae
1538 4306 1618 4375 prae

357 4390 473 4465 oculis
493 4389 658 4476 haberet,
679 4414 788 4489 nego.
1536 4425 1537 4428 ¹

411 4510 577 4605 Insuper,
600 4534 698 4607 nego
717 4527 836 4583 totum
855 4526 1050 4583 assertum.
1074 4509 1151 4584 Tot
1170 4536 1285 4609 regna
1304 4531 1342 4586 et
1361 4513 1515 4610 imperia
1533 4517 1617 4591 visa

356 4648 443 4707 sunt
462 4630 695 4730 intangibilia
709 4649 747 4706 et
760 4630 885 4706 subito
904 4649 1132 4706 corruerunt.
1154 4631 1301 4707 Sufficit
1329 4633 1447 4709 ultimi
1468 4636 1615 4734 imperii
