3496 5482
244 486 292 574 98
652 501 745 550 enen
772 501 833 551 sm
860 501 936 551 anx
965 502 1094 555 noum.

296 674 317 705 “
339 663 500 760 Respice
528 662 632 748 Sion,
653 662 843 736 civitatem
872 661 1120 738 solemnitatis
1146 643 1309 739 nostrae:
1335 663 1432 739 oculi
1451 664 1505 740 tui

242 781 425 858 videbunt
443 778 661 878 Jerusalem,
682 777 952 855 habitationem
971 779 1205 878 opulentem,
1227 780 1505 857 tabernaculum

241 900 343 1000 quod
375 923 609 996 nequaquam
647 896 836 973 transferri
871 898 1035 996 poterit,
1072 925 1141 975 nec
1164 899 1380 975 auferentur
1409 899 1505 974 clavi

242 1022 323 1120 ejus
342 1020 379 1094 in
398 1019 678 1117 sempiternum,
699 1036 737 1093 et
756 1045 888 1095 omnes
907 1018 1056 1094 funiculi
1077 1020 1158 1119 ejus
1177 1045 1251 1094 non
1272 1038 1502 1118 rumpentur.

238 1138 433 1214 'Dominus
451 1137 550 1212 enim
570 1136 694 1234 Judex
714 1155 850 1222 noster,
875 1137 1062 1212 Dominus
1087 1137 1241 1237 Legiser
1268 1155 1406 1227 noster,
1425 1137 1504 1213 Do-

241 1257 364 1332 minus
382 1257 466 1330 Rex
479 1274 629 1331 noster:
648 1255 729 1353 ipse
747 1254 908 1331 salvabit
925 1282 993 1331 nos
1012 1255 1068 1357 (¹).
1088 1256 1106 1285 ”

295 1392 316 1421 “
331 1379 599 1456 Consolabitur
612 1405 704 1479 ergo
725 1379 913 1455 Dominus
929 1379 1031 1467 Sion,
1049 1398 1087 1455 et
1101 1380 1355 1456 consolabitur
1372 1404 1505 1455 omnes

242 1500 366 1575 ruinas
384 1499 478 1598 ejus;
497 1517 535 1574 et
557 1515 673 1595 ponet
704 1498 896 1574 desertum
928 1499 1010 1598 ejus
1038 1499 1143 1595 quasi
1163 1498 1313 1573 hortum
1335 1498 1501 1573 Domini.

243 1618 432 1694 Gaudium
454 1634 492 1692 et
518 1615 647 1692 laetitia
665 1617 877 1693 invenietur
895 1618 931 1692 in
960 1642 1014 1706 ea,
1033 1617 1238 1718 gratiarum
1257 1617 1356 1693 actio
1375 1635 1413 1693 et
1427 1642 1504 1692 vox

241 1735 361 1810 laudis
381 1733 435 1835 (²).
456 1733 473 1762 '¹

295 1866 316 1894 “
338 1855 390 1930 Et
407 1853 646 1929 aedificabunt
673 1854 736 1929 filii
765 1855 1048 1955 peregrinorum
1068 1881 1194 1930 muros
1214 1873 1308 1942 tuos,
1328 1871 1366 1929 et
1394 1879 1504 1953 reges

240 1998 370 2048 eorum
388 1972 652 2047 ministrabunt
675 1972 740 2046 tibi
759 2000 766 2059 ;
785 1973 821 2046 in
842 1972 1101 2072 indignatione
1119 1973 1219 2048 enim
1240 1999 1322 2049 mea
1337 1970 1503 2070 percussi

241 2111 288 2179 te,
310 2110 348 2168 et
367 2092 404 2167 in
423 2092 724 2168 reconciliatione
739 2119 823 2167 mea
841 2093 1015 2169 misertus
1034 2120 1117 2169 sum
1136 2094 1200 2169 tui.
1222 2095 1328 2169 Gens
1347 2093 1446 2167 enim
1466 2109 1504 2168 et

242 2236 411 2311 regnum,
444 2211 545 2309 quod
578 2237 652 2286 non
675 2214 846 2288 servierit
868 2214 944 2302 tibi,
975 2215 1120 2312 peribit.
1155 2214 1207 2289 Et
1227 2214 1382 2290 venient
1400 2214 1447 2288 ad
1466 2232 1504 2289 te

241 2329 344 2403 curvi
365 2328 428 2403 lilii
441 2355 580 2417 eorum,
597 2330 661 2428 qui
679 2330 969 2407 humiliaverunt
988 2351 1035 2421 te,
1055 2351 1093 2408 et
1111 2331 1323 2407 adorabunt
1342 2331 1504 2431 vestigia

241 2445 379 2545 pedum
400 2466 545 2522 tuorum
566 2474 708 2538 omnes,
737 2450 799 2547 qui
819 2450 1068 2527 detrahebant
1087 2451 1164 2539 tibi,
1188 2470 1225 2527 et
1250 2452 1441 2526 vocabunt
1465 2469 1502 2526 te

241 2565 431 2640 civitatem
455 2566 619 2653 Domini,
643 2567 734 2642 Sion
754 2571 872 2643 sancti
890 2568 1004 2644 lsrael
1017 2568 1071 2670 (³)
1094 2569 1111 2597 '¹

292 2682 487 2771 Catholici,
500 2683 666 2760 vindices
685 2686 901 2760 Patrimonii
921 2688 959 2761 S.
983 2687 1094 2774 Petri,
1120 2687 1287 2762 dicamus
1306 2711 1398 2786 ergo
1417 2711 1501 2761 cum

240 2800 324 2875 filiis
356 2799 497 2875 lsrael:
542 2802 725 2900 <Neque
752 2802 910 2878 alienam
941 2823 1076 2879 terram
1109 2805 1347 2902 sumpsimus,
1380 2829 1502 2903 neque

240 2918 361 2994 aliena
378 2919 590 2995 detinemus
605 2948 613 3007 ;
631 2921 698 2996 sed
717 2921 974 2998 haereditatem
994 2942 1140 3021 patrum
1162 2942 1385 3008 nostrorum,
1417 2948 1502 3021 quae

241 3038 378 3138 injuste
401 3041 448 3114 ab
468 3040 625 3114 inimicis
644 3043 780 3116 nostris
800 3042 925 3140 aliquo
944 3062 1113 3141 tempore
1132 3069 1307 3141 possessa
1321 3043 1395 3117 est!
1417 3043 1501 3117 Nos
1605 3101 1608 3106 ι

242 3181 333 3231 vero
350 3175 499 3254 tempus
519 3158 711 3247 habentes,
733 3160 967 3236 vindicamus
986 3160 1243 3236 haereditatem
1264 3179 1410 3259 patrum
1437 3186 1500 3235 no·

243 3277 420 3350 strorum!
440 3273 484 3375 (⁴)
501 3273 517 3303 ”

295 3404 317 3432 “
336 3391 378 3468 Si
397 3392 535 3468 oblitus
564 3393 667 3470 suero
700 3395 752 3470 tui
782 3394 822 3496 (o
851 3394 990 3493 Roma)
1009 3396 1188 3471 oblivioni
1216 3396 1327 3472 detur
1344 3396 1501 3471 dextera

242 3536 334 3585 mea.
356 3510 560 3586 Adhaereat
579 3511 706 3612 lingua
731 3540 813 3589 mea
832 3514 998 3613 faucibus
1025 3515 1128 3602 meis,
1150 3515 1180 3589 si
1201 3540 1275 3590 non
1296 3515 1500 3588 meminero

242 3630 307 3718 tui;
319 3631 350 3705 si
366 3657 440 3705 non
455 3657 686 3729 proposuero
696 3632 904 3730 Jerusalem
915 3634 952 3707 in
964 3633 1145 3731 principio
1161 3633 1300 3709 laetitiae
1314 3659 1408 3708 meae
1422 3631 1499 3734 (⁵).”

280 3857 300 3896 ι.
315 3842 362 3910 Is,
375 3855 536 3913 xxx111,2o,
550 3860 591 3901 22.

278 3936 301 3976 2.
315 3922 396 3990 laid,
411 3934 450 3991 ιι,
461 3938 485 3992 3.

277 4001 455 4070 3.Ibid.,1,x,
472 4018 512 4071 ιο,
527 4017 566 4070 12,
579 4017 618 4068 14.

277 4095 302 4146 4.
316 4081 397 4149 Ibin,
410 4094 541 4149 cxxxvi,
556 4083 609 4151 5·⁶·

279 4161 647 4231 5.1Mactah.,xv,33‚34.

751 4379 966 4484 ..pff-
