<?xml version="1.0" encoding="UTF-8"?>
<!DOCTYPE html PUBLIC "-//W3C//DTD XHTML 1.0 Transitional//EN"
    "http://www.w3.org/TR/xhtml1/DTD/xhtml1-transitional.dtd">
<html xmlns="http://www.w3.org/1999/xhtml" xml:lang="en" lang="en">
 <head>
  <title>
</title>
<meta http-equiv="Content-Type" content="text/html;charset=utf-8" />
  <meta name='ocr-system' content='tesseract 3.04.00' />
  <meta name='ocr-capabilities' content='ocr_page ocr_carea ocr_par ocr_line ocrx_word'/>
</head>
<body>
  <div class='ocr_page' id='page_1' title='image "./papasitrexromae00godtgoog_0212.png"; bbox 0 0 3496 5482; ppageno 0'>
   <div class='ocr_carea' id='block_1_1' title="bbox 610 525 1458 598">
    <p class='ocr_par' dir='ltr' id='par_1_1' title="bbox 610 525 1458 598">
     <span class='ocr_line' id='line_1_1' title="bbox 610 525 1458 598; baseline -0.004 -16"><span class='ocrx_word' id='word_1_1' title='bbox 610 533 703 582; x_wconf 75' lang='lat' dir='ltr'>anan</span> <span class='ocrx_word' id='word_1_2' title='bbox 730 532 789 582; x_wconf 75' lang='lat' dir='ltr'>sm</span> <span class='ocrx_word' id='word_1_3' title='bbox 816 532 892 581; x_wconf 79' lang='lat' dir='ltr'>nux</span> <span class='ocrx_word' id='word_1_4' title='bbox 920 532 1048 583; x_wconf 74' lang='lat' dir='ltr'>noun.</span> <span class='ocrx_word' id='word_1_5' title='bbox 1391 525 1458 598; x_wconf 85' lang='lat'>197</span> 
     </span>
    </p>
   </div>
   <div class='ocr_carea' id='block_1_2' title="bbox 199 687 1523 4469">
    <p class='ocr_par' dir='ltr' id='par_1_2' title="bbox 199 687 1467 2786">
     <span class='ocr_line' id='line_1_2' title="bbox 202 687 1462 789; baseline -0.002 -24"><span class='ocrx_word' id='word_1_6' title='bbox 202 690 300 765; x_wconf 94' lang='lat' dir='ltr'>lismi</span> <span class='ocrx_word' id='word_1_7' title='bbox 335 693 397 789; x_wconf 90' lang='lat' dir='ltr'>qui</span> <span class='ocrx_word' id='word_1_8' title='bbox 431 691 573 789; x_wconf 83' lang='lat' dir='ltr'>hydriae</span> <span class='ocrx_word' id='word_1_9' title='bbox 605 691 821 766; x_wconf 81' lang='lat' dir='ltr'><strong>multiformi</strong></span> <span class='ocrx_word' id='word_1_10' title='bbox 840 690 979 778; x_wconf 71' lang='lat' dir='ltr'>similis</span> <span class='ocrx_word' id='word_1_11' title='bbox 1012 691 1112 788; x_wconf 90' lang='lat' dir='ltr'>apud</span> <span class='ocrx_word' id='word_1_12' title='bbox 1140 716 1271 765; x_wconf 92' lang='lat' dir='ltr'>omnes</span> <span class='ocrx_word' id='word_1_13' title='bbox 1298 687 1462 786; x_wconf 81' lang='lat' dir='ltr'>Europae</span> 
     </span>
     <span class='ocr_line' id='line_1_3' title="bbox 202 807 1462 907; baseline -0.001 -25"><span class='ocrx_word' id='word_1_14' title='bbox 202 809 380 884; x_wconf 89' lang='lat' dir='ltr'>nationes</span> <span class='ocrx_word' id='word_1_15' title='bbox 399 827 509 907; x_wconf 88' lang='lat' dir='ltr'>caput</span> <span class='ocrx_word' id='word_1_16' title='bbox 528 809 820 885; x_wconf 91' lang='lat' dir='ltr'>extollerevisus</span> <span class='ocrx_word' id='word_1_17' title='bbox 839 827 906 884; x_wconf 92' lang='lat' dir='ltr'>est.</span> <span class='ocrx_word' id='word_1_18' title='bbox 930 809 1011 893; x_wconf 86' lang='lat' dir='ltr'>Est,</span> <span class='ocrx_word' id='word_1_19' title='bbox 1029 807 1147 906; x_wconf 91' lang='lat' dir='ltr'>inquit</span> <span class='ocrx_word' id='word_1_20' title='bbox 1165 807 1462 907; x_wconf 90' lang='lat' dir='ltr'>sapientissimus</span> 
     </span>
     <span class='ocr_line' id='line_1_4' title="bbox 199 927 1462 1026; baseline -0.003 -25"><span class='ocrx_word' id='word_1_21' title='bbox 199 928 311 1003; x_wconf 89' lang='lat' dir='ltr'>Card.</span> <span class='ocrx_word' id='word_1_22' title='bbox 349 928 659 1026; x_wconf 88' lang='lat' dir='ltr'>Hergenroether,</span> <span class='ocrx_word' id='word_1_23' title='bbox 691 928 835 1004; x_wconf 91' lang='lat' dir='ltr'>theoria</span> <span class='ocrx_word' id='word_1_24' title='bbox 866 946 904 1003; x_wconf 96' lang='lat' dir='ltr'>et</span> <span class='ocrx_word' id='word_1_25' title='bbox 933 929 1058 1025; x_wconf 84' lang='lat' dir='ltr'>praxis</span> <span class='ocrx_word' id='word_1_26' title='bbox 1085 928 1257 1025; x_wconf 86' lang='lat' dir='ltr'>quaedam</span> <span class='ocrx_word' id='word_1_27' title='bbox 1287 927 1462 1002; x_wconf 82' lang='lat' dir='ltr'>reforma·</span> 
     </span>
     <span class='ocr_line' id='line_1_5' title="bbox 200 1033 1460 1144; baseline -0.001 -25"><span class='ocrx_word' id='word_1_28' title='bbox 200 1046 344 1120; x_wconf 91' lang='lat' dir='ltr'>tionum</span> <span class='ocrx_word' id='word_1_29' title='bbox 364 1048 502 1144; x_wconf 90' lang='lat' dir='ltr'>quibus</span> <span class='ocrx_word' id='word_1_30' title='bbox 521 1047 681 1122; x_wconf 89' lang='lat' dir='ltr'>societas</span> <span class='ocrx_word' id='word_1_31' title='bbox 713 1064 840 1121; x_wconf 90' lang='lat' dir='ltr'>nostra</span> <span class='ocrx_word' id='word_1_32' title='bbox 859 1047 1025 1121; x_wconf 82' lang='lat' dir='ltr'>funditus</span> <span class='ocrx_word' id='word_1_33' title='bbox 1044 1033 1260 1121; x_wconf 85' lang='lat' dir='ltr'>renovanda</span> <span class='ocrx_word' id='word_1_34' title='bbox 1276 1063 1460 1133; x_wconf 87' lang='lat' dir='ltr'>censetur,</span> 
     </span>
     <span class='ocr_line' id='line_1_6' title="bbox 202 1164 1462 1263; baseline 0.002 -26"><span class='ocrx_word' id='word_1_35' title='bbox 202 1165 451 1240; x_wconf 84' lang='lat' dir='ltr'>restaurando</span> <span class='ocrx_word' id='word_1_36' title='bbox 481 1167 653 1241; x_wconf 90' lang='lat' dir='ltr'>nimirum</span> <span class='ocrx_word' id='word_1_37' title='bbox 687 1166 783 1240; x_wconf 90' lang='lat' dir='ltr'>inter</span> <span class='ocrx_word' id='word_1_38' title='bbox 800 1164 972 1240; x_wconf 93' lang='lat' dir='ltr'>homines</span> <span class='ocrx_word' id='word_1_39' title='bbox 1000 1164 1250 1263; x_wconf 63' lang='lat' dir='ltr'>aequalitatem</span> <span class='ocrx_word' id='word_1_40' title='bbox 1268 1164 1406 1240; x_wconf 89' lang='lat' dir='ltr'>laboris</span> <span class='ocrx_word' id='word_1_41' title='bbox 1424 1182 1462 1240; x_wconf 94' lang='lat' dir='ltr'>et</span> 
     </span>
     <span class='ocr_line' id='line_1_7' title="bbox 201 1284 1461 1384; baseline 0.002 -29"><span class='ocrx_word' id='word_1_42' title='bbox 201 1285 527 1381; x_wconf 84' lang='lat' dir='ltr'>proportionatam</span> <span class='ocrx_word' id='word_1_43' title='bbox 561 1285 839 1383; x_wconf 88' lang='lat' dir='ltr'>repartitionem</span> <span class='ocrx_word' id='word_1_44' title='bbox 871 1285 1065 1384; x_wconf 88' lang='lat' dir='ltr'>ejusdem;</span> <span class='ocrx_word' id='word_1_45' title='bbox 1096 1284 1354 1362; x_wconf 88' lang='lat' dir='ltr'>conservando</span> <span class='ocrx_word' id='word_1_46' title='bbox 1372 1309 1461 1381; x_wconf 89' lang='lat' dir='ltr'>quo·</span> 
     </span>
     <span class='ocr_line' id='line_1_8' title="bbox 201 1402 1461 1502; baseline 0.001 -28"><span class='ocrx_word' id='word_1_47' title='bbox 201 1427 274 1499; x_wconf 91' lang='lat' dir='ltr'>que</span> <span class='ocrx_word' id='word_1_48' title='bbox 297 1428 441 1500; x_wconf 78' lang='lat' dir='ltr'>aequam</span> <span class='ocrx_word' id='word_1_49' title='bbox 457 1402 600 1479; x_wconf 88' lang='lat' dir='ltr'>lancem</span> <span class='ocrx_word' id='word_1_50' title='bbox 615 1404 710 1478; x_wconf 90' lang='lat' dir='ltr'>inter</span> <span class='ocrx_word' id='word_1_51' title='bbox 727 1430 822 1502; x_wconf 91' lang='lat' dir='ltr'>opus</span> <span class='ocrx_word' id='word_1_52' title='bbox 840 1421 878 1478; x_wconf 93' lang='lat' dir='ltr'>et</span> <span class='ocrx_word' id='word_1_53' title='bbox 896 1402 1053 1500; x_wconf 90' lang='lat' dir='ltr'>capitale</span> <span class='ocrx_word' id='word_1_54' title='bbox 1067 1428 1134 1501; x_wconf 91' lang='lat' dir='ltr'>per</span> <span class='ocrx_word' id='word_1_55' title='bbox 1147 1403 1461 1478; x_wconf 89' lang='lat' dir='ltr'>assecurationem</span> 
     </span>
     <span class='ocr_line' id='line_1_9' title="bbox 201 1521 1460 1617; baseline 0.001 -23"><span class='ocrx_word' id='word_1_56' title='bbox 201 1522 405 1617; x_wconf 87' lang='lat' dir='ltr'>quamdam</span> <span class='ocrx_word' id='word_1_57' title='bbox 435 1541 473 1598; x_wconf 91' lang='lat' dir='ltr'>et</span> <span class='ocrx_word' id='word_1_58' title='bbox 491 1523 827 1599; x_wconf 85' lang='lat' dir='ltr'>emolumentorum</span> <span class='ocrx_word' id='word_1_59' title='bbox 846 1521 955 1596; x_wconf 89' lang='lat' dir='ltr'>simul</span> <span class='ocrx_word' id='word_1_60' title='bbox 987 1542 1024 1596; x_wconf 91' lang='lat' dir='ltr'>et</span> <span class='ocrx_word' id='word_1_61' title='bbox 1051 1523 1332 1599; x_wconf 90' lang='lat' dir='ltr'>commodorum</span> <span class='ocrx_word' id='word_1_62' title='bbox 1362 1521 1460 1607; x_wconf 85' lang='lat' dir='ltr'>vitae,</span> 
     </span>
     <span class='ocr_line' id='line_1_10' title="bbox 202 1638 1463 1739; baseline 0.001 -28"><span class='ocrx_word' id='word_1_63' title='bbox 202 1638 250 1712; x_wconf 92' lang='lat' dir='ltr'>ad</span> <span class='ocrx_word' id='word_1_64' title='bbox 274 1665 357 1737; x_wconf 84' lang='lat' dir='ltr'>quae</span> <span class='ocrx_word' id='word_1_65' title='bbox 376 1643 567 1739; x_wconf 85' lang='lat' dir='ltr'>operarius</span> <span class='ocrx_word' id='word_1_66' title='bbox 593 1643 793 1718; x_wconf 83' lang='lat' dir='ltr'>clamorem</span> <span class='ocrx_word' id='word_1_67' title='bbox 823 1641 955 1716; x_wconf 86' lang='lat' dir='ltr'>aflerre</span> <span class='ocrx_word' id='word_1_68' title='bbox 973 1641 1084 1717; x_wconf 91' lang='lat' dir='ltr'>valet.</span> <span class='ocrx_word' id='word_1_69' title='bbox 1116 1642 1255 1717; x_wconf 91' lang='lat' dir='ltr'>Videre</span> <span class='ocrx_word' id='word_1_70' title='bbox 1272 1658 1340 1727; x_wconf 91' lang='lat' dir='ltr'>est,</span> <span class='ocrx_word' id='word_1_71' title='bbox 1361 1639 1463 1737; x_wconf 92' lang='lat' dir='ltr'>quod</span> 
     </span>
     <span class='ocr_line' id='line_1_11' title="bbox 203 1758 1462 1858; baseline 0.001 -28"><span class='ocrx_word' id='word_1_72' title='bbox 203 1758 235 1830; x_wconf 92' lang='lat' dir='ltr'>si</span> <span class='ocrx_word' id='word_1_73' title='bbox 259 1758 469 1834; x_wconf 92' lang='lat' dir='ltr'>socialismo</span> <span class='ocrx_word' id='word_1_74' title='bbox 500 1761 601 1836; x_wconf 92' lang='lat' dir='ltr'>cordi</span> <span class='ocrx_word' id='word_1_75' title='bbox 621 1762 747 1837; x_wconf 88' lang='lat' dir='ltr'>existit</span> <span class='ocrx_word' id='word_1_76' title='bbox 775 1760 944 1834; x_wconf 89' lang='lat' dir='ltr'>ordinem</span> <span class='ocrx_word' id='word_1_77' title='bbox 976 1785 1250 1858; x_wconf 89' lang='lat' dir='ltr'>quemcumque</span> <span class='ocrx_word' id='word_1_78' title='bbox 1280 1758 1462 1834; x_wconf 85' lang='lat' dir='ltr'>actualem</span> 
     </span>
     <span class='ocr_line' id='line_1_12' title="bbox 205 1877 1464 1978; baseline 0 -28"><span class='ocrx_word' id='word_1_79' title='bbox 205 1894 394 1965; x_wconf 87' lang='lat' dir='ltr'>evertere,</span> <span class='ocrx_word' id='word_1_80' title='bbox 426 1879 456 1951; x_wconf 94' lang='lat' dir='ltr'>si</span> <span class='ocrx_word' id='word_1_81' title='bbox 486 1880 555 1978; x_wconf 92' lang='lat' dir='ltr'>ipsi</span> <span class='ocrx_word' id='word_1_82' title='bbox 585 1878 732 1977; x_wconf 89' lang='lat' dir='ltr'>placent</span> <span class='ocrx_word' id='word_1_83' title='bbox 762 1904 894 1953; x_wconf 92' lang='lat' dir='ltr'>omnes</span> <span class='ocrx_word' id='word_1_84' title='bbox 930 1903 1074 1954; x_wconf 85' lang='lat' dir='ltr'>errores</span> <span class='ocrx_word' id='word_1_85' title='bbox 1110 1878 1265 1954; x_wconf 87' lang='lat' dir='ltr'>sociales</span> <span class='ocrx_word' id='word_1_86' title='bbox 1295 1877 1464 1953; x_wconf 83' lang='lat' dir='ltr'>moderni</span> 
     </span>
     <span class='ocr_line' id='line_1_13' title="bbox 205 1995 1465 2096; baseline 0.001 -27"><span class='ocrx_word' id='word_1_87' title='bbox 205 1995 287 2083; x_wconf 84' lang='lat' dir='ltr'>aevi,</span> <span class='ocrx_word' id='word_1_88' title='bbox 333 1997 580 2094; x_wconf 85' lang='lat' dir='ltr'>quaestionem</span> <span class='ocrx_word' id='word_1_89' title='bbox 611 2017 736 2075; x_wconf 89' lang='lat' dir='ltr'>tamen</span> <span class='ocrx_word' id='word_1_90' title='bbox 771 1997 1041 2072; x_wconf 88' lang='lat' dir='ltr'>oeconomicam</span> <span class='ocrx_word' id='word_1_91' title='bbox 1076 2023 1154 2096; x_wconf 84' lang='lat' dir='ltr'>prae</span> <span class='ocrx_word' id='word_1_92' title='bbox 1184 1997 1312 2095; x_wconf 89' lang='lat' dir='ltr'>primis</span> <span class='ocrx_word' id='word_1_93' title='bbox 1344 1996 1465 2070; x_wconf 86' lang='lat' dir='ltr'>lacere</span> 
     </span>
     <span class='ocr_line' id='line_1_14' title="bbox 205 2113 1464 2216; baseline -0.001 -28"><span class='ocrx_word' id='word_1_94' title='bbox 205 2140 322 2190; x_wconf 86' lang='lat' dir='ltr'>suam.</span> <span class='ocrx_word' id='word_1_95' title='bbox 351 2115 457 2191; x_wconf 91' lang='lat' dir='ltr'>Licet</span> <span class='ocrx_word' id='word_1_96' title='bbox 489 2143 580 2216; x_wconf 87' lang='lat' dir='ltr'>ergo</span> <span class='ocrx_word' id='word_1_97' title='bbox 607 2117 694 2192; x_wconf 89' lang='lat' dir='ltr'>alibi</span> <span class='ocrx_word' id='word_1_98' title='bbox 713 2116 819 2192; x_wconf 90' lang='lat' dir='ltr'>aliter</span> <span class='ocrx_word' id='word_1_99' title='bbox 849 2116 1022 2192; x_wconf 88' lang='lat' dir='ltr'>videatur</span> <span class='ocrx_word' id='word_1_100' title='bbox 1038 2116 1222 2203; x_wconf 83' lang='lat' dir='ltr'>affectum,</span> <span class='ocrx_word' id='word_1_101' title='bbox 1256 2115 1348 2190; x_wconf 92' lang='lat' dir='ltr'>etin</span> <span class='ocrx_word' id='word_1_102' title='bbox 1371 2113 1464 2188; x_wconf 88' lang='lat' dir='ltr'>Ger·</span> 
     </span>
     <span class='ocr_line' id='line_1_15' title="bbox 206 2232 1466 2336; baseline -0.001 -30"><span class='ocrx_word' id='word_1_103' title='bbox 206 2234 334 2307; x_wconf 91' lang='lat' dir='ltr'>mania</span> <span class='ocrx_word' id='word_1_104' title='bbox 354 2262 390 2309; x_wconf 91' lang='lat' dir='ltr'>v.</span> <span class='ocrx_word' id='word_1_105' title='bbox 412 2262 453 2336; x_wconf 85' lang='lat' dir='ltr'>g.-</span> <span class='ocrx_word' id='word_1_106' title='bbox 470 2237 516 2311; x_wconf 99' lang='lat' dir='ltr'>ad</span> <span class='ocrx_word' id='word_1_107' title='bbox 536 2254 674 2311; x_wconf 89' lang='lat' dir='ltr'>statum</span> <span class='ocrx_word' id='word_1_108' title='bbox 693 2235 954 2311; x_wconf 88' lang='lat' dir='ltr'>socialisticum</span> <span class='ocrx_word' id='word_1_109' title='bbox 987 2235 1106 2334; x_wconf 87' lang='lat' dir='ltr'>magis</span> <span class='ocrx_word' id='word_1_110' title='bbox 1122 2252 1266 2334; x_wconf 88' lang='lat' dir='ltr'>vergat,</span> <span class='ocrx_word' id='word_1_111' title='bbox 1288 2235 1324 2308; x_wconf 94' lang='lat' dir='ltr'>in</span> <span class='ocrx_word' id='word_1_112' title='bbox 1344 2232 1466 2308; x_wconf 87' lang='lat' dir='ltr'>Gallia</span> 
     </span>
     <span class='ocr_line' id='line_1_16' title="bbox 206 2352 1465 2449; baseline -0.001 -24"><span class='ocrx_word' id='word_1_113' title='bbox 206 2378 297 2449; x_wconf 83' lang='lat' dir='ltr'>pure</span> <span class='ocrx_word' id='word_1_114' title='bbox 317 2354 605 2430; x_wconf 87' lang='lat' dir='ltr'>democraticam</span> <span class='ocrx_word' id='word_1_115' title='bbox 637 2355 792 2448; x_wconf 81' lang='lat' dir='ltr'>sormam</span> <span class='ocrx_word' id='word_1_116' title='bbox 812 2355 968 2440; x_wconf 77' lang='lat' dir='ltr'>affectet,</span> <span class='ocrx_word' id='word_1_117' title='bbox 1003 2373 1040 2428; x_wconf 92' lang='lat' dir='ltr'>et</span> <span class='ocrx_word' id='word_1_118' title='bbox 1059 2355 1095 2428; x_wconf 93' lang='lat' dir='ltr'>in</span> <span class='ocrx_word' id='word_1_119' title='bbox 1130 2353 1236 2427; x_wconf 91' lang='lat' dir='ltr'>ltalia</span> <span class='ocrx_word' id='word_1_120' title='bbox 1254 2353 1379 2427; x_wconf 91' lang='lat' dir='ltr'>studio</span> <span class='ocrx_word' id='word_1_121' title='bbox 1398 2352 1465 2427; x_wconf 92' lang='lat' dir='ltr'>rei-</span> 
     </span>
     <span class='ocr_line' id='line_1_17' title="bbox 207 2469 1465 2572; baseline 0 -29"><span class='ocrx_word' id='word_1_122' title='bbox 207 2470 366 2567; x_wconf 84' lang='lat' dir='ltr'>publicae</span> <span class='ocrx_word' id='word_1_123' title='bbox 393 2474 548 2572; x_wconf 87' lang='lat' dir='ltr'>flagret;</span> <span class='ocrx_word' id='word_1_124' title='bbox 567 2493 692 2549; x_wconf 89' lang='lat' dir='ltr'>manet</span> <span class='ocrx_word' id='word_1_125' title='bbox 723 2474 859 2571; x_wconf 91' lang='lat' dir='ltr'>ubique</span> <span class='ocrx_word' id='word_1_126' title='bbox 892 2473 989 2547; x_wconf 93' lang='lat' dir='ltr'>idem</span> <span class='ocrx_word' id='word_1_127' title='bbox 1010 2472 1236 2547; x_wconf 88' lang='lat' dir='ltr'>horrendum</span> <span class='ocrx_word' id='word_1_128' title='bbox 1268 2469 1465 2546; x_wconf 91' lang='lat' dir='ltr'>socialismi</span> 
     </span>
     <span class='ocr_line' id='line_1_18' title="bbox 207 2573 1467 2689; baseline 0 -27"><span class='ocrx_word' id='word_1_129' title='bbox 207 2608 427 2678; x_wconf 91' lang='lat' dir='ltr'>monstrum,</span> <span class='ocrx_word' id='word_1_130' title='bbox 449 2594 621 2668; x_wconf 84' lang='lat' dir='ltr'>obortum</span> <span class='ocrx_word' id='word_1_131' title='bbox 646 2619 693 2666; x_wconf 91' lang='lat' dir='ltr'>ex</span> <span class='ocrx_word' id='word_1_132' title='bbox 714 2591 915 2667; x_wconf 89' lang='lat' dir='ltr'>rebellione</span> <span class='ocrx_word' id='word_1_133' title='bbox 943 2591 1104 2666; x_wconf 90' lang='lat' dir='ltr'>hominis</span> <span class='ocrx_word' id='word_1_134' title='bbox 1123 2617 1189 2666; x_wconf 91' lang='lat' dir='ltr'>seu</span> <span class='ocrx_word' id='word_1_135' title='bbox 1225 2573 1348 2689; x_wconf 92' lang='lat' dir='ltr'>potius</span> <span class='ocrx_word' id='word_1_136' title='bbox 1373 2589 1467 2663; x_wconf 90' lang='lat' dir='ltr'>chri·</span> 
     </span>
     <span class='ocr_line' id='line_1_19' title="bbox 207 2703 1264 2786; baseline 0.005 -6"><span class='ocrx_word' id='word_1_137' title='bbox 207 2708 342 2782; x_wconf 85' lang='lat' dir='ltr'>stianae</span> <span class='ocrx_word' id='word_1_138' title='bbox 361 2703 549 2786; x_wconf 89' lang='lat' dir='ltr'>societatis</span> <span class='ocrx_word' id='word_1_139' title='bbox 569 2713 604 2784; x_wconf 93' lang='lat' dir='ltr'>in</span> <span class='ocrx_word' id='word_1_140' title='bbox 628 2712 753 2786; x_wconf 90' lang='lat' dir='ltr'>Deum</span> <span class='ocrx_word' id='word_1_141' title='bbox 773 2728 936 2785; x_wconf 89' lang='lat' dir='ltr'>exeunte</span> <span class='ocrx_word' id='word_1_142' title='bbox 954 2709 1090 2784; x_wconf 78' lang='lat' dir='ltr'>sacculo</span> <span class='ocrx_word' id='word_1_143' title='bbox 1110 2710 1264 2785; x_wconf 88' lang='lat' dir='ltr'>XVlll.</span> 
     </span>
    </p>

    <p class='ocr_par' dir='ltr' id='par_1_3' title="bbox 209 2827 1523 4469">
     <span class='ocr_line' id='line_1_20' title="bbox 264 2827 1467 2927; baseline 0.002 -28"><span class='ocrx_word' id='word_1_144' title='bbox 264 2827 403 2903; x_wconf 94' lang='lat' dir='ltr'>Nonne</span> <span class='ocrx_word' id='word_1_145' title='bbox 423 2849 460 2903; x_wconf 93' lang='lat' dir='ltr'>et</span> <span class='ocrx_word' id='word_1_146' title='bbox 478 2830 658 2927; x_wconf 89' lang='lat' dir='ltr'>principia</span> <span class='ocrx_word' id='word_1_147' title='bbox 677 2846 714 2905; x_wconf 93' lang='lat' dir='ltr'>et</span> <span class='ocrx_word' id='word_1_148' title='bbox 729 2830 848 2927; x_wconf 90' lang='lat' dir='ltr'>prima</span> <span class='ocrx_word' id='word_1_149' title='bbox 866 2828 1087 2903; x_wconf 87' lang='lat' dir='ltr'>socialistica</span> <span class='ocrx_word' id='word_1_150' title='bbox 1102 2846 1204 2904; x_wconf 91' lang='lat' dir='ltr'>secta</span> <span class='ocrx_word' id='word_1_151' title='bbox 1218 2855 1265 2903; x_wconf 89' lang='lat' dir='ltr'>ex</span> <span class='ocrx_word' id='word_1_152' title='bbox 1285 2828 1324 2904; x_wconf 88' lang='lat' dir='ltr'>S.</span> <span class='ocrx_word' id='word_1_153' title='bbox 1347 2828 1467 2903; x_wconf 89' lang='lat' dir='ltr'>Simo·</span> 
     </span>
     <span class='ocr_line' id='line_1_21' title="bbox 209 2945 1467 3045; baseline 0.001 -27"><span class='ocrx_word' id='word_1_154' title='bbox 209 2945 328 3021; x_wconf 90' lang='lat' dir='ltr'>nianis</span> <span class='ocrx_word' id='word_1_155' title='bbox 357 2948 517 3022; x_wconf 85' lang='lat' dir='ltr'>conflata</span> <span class='ocrx_word' id='word_1_156' title='bbox 545 2949 704 3023; x_wconf 87' lang='lat' dir='ltr'>oriunda</span> <span class='ocrx_word' id='word_1_157' title='bbox 731 2966 788 3024; x_wconf 92' lang='lat' dir='ltr'>est</span> <span class='ocrx_word' id='word_1_158' title='bbox 819 2975 867 3023; x_wconf 91' lang='lat' dir='ltr'>ex</span> <span class='ocrx_word' id='word_1_159' title='bbox 897 2945 1099 3021; x_wconf 89' lang='lat' dir='ltr'>rebellione</span> <span class='ocrx_word' id='word_1_160' title='bbox 1135 2968 1239 3042; x_wconf 86' lang='lat'>1793,</span> <span class='ocrx_word' id='word_1_161' title='bbox 1271 2965 1309 3022; x_wconf 90' lang='lat' dir='ltr'>et</span> <span class='ocrx_word' id='word_1_162' title='bbox 1336 2947 1467 3045; x_wconf 85' lang='lat' dir='ltr'>grada-</span> 
     </span>
     <span class='ocr_line' id='line_1_22' title="bbox 209 3065 1468 3166; baseline 0.001 -29"><span class='ocrx_word' id='word_1_163' title='bbox 209 3065 275 3138; x_wconf 91' lang='lat' dir='ltr'>tim</span> <span class='ocrx_word' id='word_1_164' title='bbox 295 3068 489 3164; x_wconf 89' lang='lat' dir='ltr'>prorepsit,</span> <span class='ocrx_word' id='word_1_165' title='bbox 510 3086 550 3142; x_wconf 91' lang='lat' dir='ltr'>ut</span> <span class='ocrx_word' id='word_1_166' title='bbox 580 3093 735 3166; x_wconf 87' lang='lat' dir='ltr'>serpens</span> <span class='ocrx_word' id='word_1_167' title='bbox 766 3091 980 3141; x_wconf 88' lang='lat' dir='ltr'>venenosus</span> <span class='ocrx_word' id='word_1_168' title='bbox 998 3066 1103 3140; x_wconf 92' lang='lat' dir='ltr'>brevi</span> <span class='ocrx_word' id='word_1_169' title='bbox 1137 3066 1318 3140; x_wconf 81' lang='lat' dir='ltr'>infestans</span> <span class='ocrx_word' id='word_1_170' title='bbox 1337 3090 1468 3140; x_wconf 92' lang='lat' dir='ltr'>omnes</span> 
     </span>
     <span class='ocr_line' id='line_1_23' title="bbox 209 3184 1467 3284; baseline 0.001 -29"><span class='ocrx_word' id='word_1_171' title='bbox 209 3184 406 3259; x_wconf 88' lang='lat' dir='ltr'>societates</span> <span class='ocrx_word' id='word_1_172' title='bbox 425 3202 463 3260; x_wconf 92' lang='lat' dir='ltr'>et</span> <span class='ocrx_word' id='word_1_173' title='bbox 494 3187 640 3283; x_wconf 90' lang='lat' dir='ltr'>spirans</span> <span class='ocrx_word' id='word_1_174' title='bbox 661 3186 788 3260; x_wconf 93' lang='lat' dir='ltr'>odium</span> <span class='ocrx_word' id='word_1_175' title='bbox 820 3205 933 3284; x_wconf 88' lang='lat' dir='ltr'>atque</span> <span class='ocrx_word' id='word_1_176' title='bbox 960 3184 1197 3259; x_wconf 85' lang='lat' dir='ltr'>aversionem</span> <span class='ocrx_word' id='word_1_177' title='bbox 1227 3210 1410 3258; x_wconf 89' lang='lat' dir='ltr'>summam</span> <span class='ocrx_word' id='word_1_178' title='bbox 1431 3184 1467 3256; x_wconf 94' lang='lat' dir='ltr'>in</span> 
     </span>
     <span class='ocr_line' id='line_1_24' title="bbox 210 3302 1467 3402; baseline 0.002 -29"><span class='ocrx_word' id='word_1_179' title='bbox 210 3327 336 3375; x_wconf 88' lang='lat' dir='ltr'>veram</span> <span class='ocrx_word' id='word_1_180' title='bbox 363 3303 602 3378; x_wconf 89' lang='lat' dir='ltr'>christianam</span> <span class='ocrx_word' id='word_1_181' title='bbox 626 3303 891 3402; x_wconf 85' lang='lat' dir='ltr'>Religionem?</span> <span class='ocrx_word' id='word_1_182' title='bbox 926 3302 1110 3377; x_wconf 90' lang='lat' dir='ltr'>Pervolve</span> <span class='ocrx_word' id='word_1_183' title='bbox 1129 3303 1231 3400; x_wconf 93' lang='lat' dir='ltr'>quod</span> <span class='ocrx_word' id='word_1_184' title='bbox 1251 3303 1467 3400; x_wconf 89' lang='lat' dir='ltr'>inscriptum</span> 
     </span>
     <span class='ocr_line' id='line_1_25' title="bbox 209 3421 1470 3520; baseline 0.002 -28"><span class='ocrx_word' id='word_1_185' title='bbox 209 3438 265 3493; x_wconf 89' lang='lat' dir='ltr'>est</span> <span class='ocrx_word' id='word_1_186' title='bbox 301 3422 553 3519; x_wconf 79' lang='lat' dir='ltr'>Evangelz&#39;um</span> <span class='ocrx_word' id='word_1_187' title='bbox 579 3422 777 3520; x_wconf 78' lang='lat' dir='ltr'>temporale</span> <span class='ocrx_word' id='word_1_188' title='bbox 807 3449 873 3496; x_wconf 92' lang='lat' dir='ltr'>seu</span> <span class='ocrx_word' id='word_1_189' title='bbox 918 3421 1019 3519; x_wconf 91' lang='lat' dir='ltr'>quod</span> <span class='ocrx_word' id='word_1_190' title='bbox 1056 3439 1156 3496; x_wconf 90' lang='lat' dir='ltr'>recte</span> <span class='ocrx_word' id='word_1_191' title='bbox 1194 3438 1470 3517; x_wconf 90' lang='lat' dir='ltr'>nuncuparetur</span> 
     </span>
     <span class='ocr_line' id='line_1_26' title="bbox 209 3539 1468 3641; baseline 0.002 -31"><span class='ocrx_word' id='word_1_192' title='bbox 209 3539 460 3637; x_wconf 78' lang='lat' dir='ltr'>Evangelz&#39;um</span> <span class='ocrx_word' id='word_1_193' title='bbox 486 3543 742 3638; x_wconf 75' lang='lat' dir='ltr'>operarrorum</span> <span class='ocrx_word' id='word_1_194' title='bbox 769 3559 806 3614; x_wconf 92' lang='lat' dir='ltr'>et</span> <span class='ocrx_word' id='word_1_195' title='bbox 838 3540 1007 3616; x_wconf 92' lang='lat' dir='ltr'>invenies</span> <span class='ocrx_word' id='word_1_196' title='bbox 1026 3549 1050 3578; x_wconf 86' lang='lat'>⁴‘</span> <span class='ocrx_word' id='word_1_197' title='bbox 1073 3565 1205 3614; x_wconf 91' lang='lat' dir='ltr'>omnes</span> <span class='ocrx_word' id='word_1_198' title='bbox 1235 3539 1468 3641; x_wconf 90' lang='lat' dir='ltr'>conditiones</span> 
     </span>
     <span class='ocr_line' id='line_1_27' title="bbox 210 3659 1467 3756; baseline -0.001 -26"><span class='ocrx_word' id='word_1_199' title='bbox 210 3659 391 3732; x_wconf 89' lang='lat' dir='ltr'>humanas</span> <span class='ocrx_word' id='word_1_200' title='bbox 422 3659 585 3735; x_wconf 89' lang='lat' dir='ltr'>actuales</span> <span class='ocrx_word' id='word_1_201' title='bbox 619 3660 789 3734; x_wconf 89' lang='lat' dir='ltr'>absolute</span> <span class='ocrx_word' id='word_1_202' title='bbox 808 3685 893 3735; x_wconf 90' lang='lat' dir='ltr'>esse</span> <span class='ocrx_word' id='word_1_203' title='bbox 924 3659 1150 3750; x_wconf 87' lang='lat' dir='ltr'>perniciosas</span> <span class='ocrx_word' id='word_1_204' title='bbox 1168 3684 1211 3732; x_wconf 88' lang='lat' dir='ltr'>ac</span> <span class='ocrx_word' id='word_1_205' title='bbox 1243 3684 1310 3756; x_wconf 90' lang='lat' dir='ltr'>per</span> <span class='ocrx_word' id='word_1_206' title='bbox 1329 3683 1467 3732; x_wconf 91' lang='lat' dir='ltr'>novum</span> 
     </span>
     <span class='ocr_line' id='line_1_28' title="bbox 211 3774 1523 3874; baseline -0.004 -26"><span class='ocrx_word' id='word_1_207' title='bbox 211 3801 331 3849; x_wconf 91' lang='lat' dir='ltr'>rerum</span> <span class='ocrx_word' id='word_1_208' title='bbox 364 3777 532 3852; x_wconf 92' lang='lat' dir='ltr'>ordinem</span> <span class='ocrx_word' id='word_1_209' title='bbox 565 3777 799 3851; x_wconf 89' lang='lat' dir='ltr'>renovandas</span> <span class='ocrx_word' id='word_1_210' title='bbox 818 3776 834 3804; x_wconf 79' lang='lat'>’⁸</span> <span class='ocrx_word' id='word_1_211' title='bbox 867 3821 917 3832; x_wconf 94' lang='lat'>-</span> <span class='ocrx_word' id='word_1_212' title='bbox 946 3776 1158 3850; x_wconf 85' lang='lat' dir='ltr'>“homines</span> <span class='ocrx_word' id='word_1_213' title='bbox 1189 3802 1274 3851; x_wconf 90' lang='lat' dir='ltr'>esse</span> <span class='ocrx_word' id='word_1_214' title='bbox 1304 3774 1469 3874; x_wconf 84' lang='lat' dir='ltr'>perfecte</span> <span class='ocrx_word' id='word_1_215' title='bbox 1520 3838 1523 3843; x_wconf 84' lang='lat'>.</span> 
     </span>
     <span class='ocr_line' id='line_1_29' title="bbox 210 3893 1468 3993; baseline 0.002 -27"><span class='ocrx_word' id='word_1_216' title='bbox 210 3893 382 3992; x_wconf 85' lang='lat' dir='ltr'>aequales,</span> <span class='ocrx_word' id='word_1_217' title='bbox 404 3896 636 3993; x_wconf 89' lang='lat' dir='ltr'>proindeque</span> <span class='ocrx_word' id='word_1_218' title='bbox 655 3896 933 3992; x_wconf 90' lang='lat' dir='ltr'>repartitionem</span> <span class='ocrx_word' id='word_1_219' title='bbox 952 3894 1088 3968; x_wconf 91' lang='lat' dir='ltr'>civium</span> <span class='ocrx_word' id='word_1_220' title='bbox 1116 3895 1153 3968; x_wconf 91' lang='lat' dir='ltr'>in</span> <span class='ocrx_word' id='word_1_221' title='bbox 1172 3893 1358 3992; x_wconf 88' lang='lat' dir='ltr'>duplicem</span> <span class='ocrx_word' id='word_1_222' title='bbox 1377 3893 1468 3969; x_wconf 89' lang='lat' dir='ltr'>clas·</span> 
     </span>
     <span class='ocr_line' id='line_1_30' title="bbox 211 4012 1469 4110; baseline 0.002 -25"><span class='ocrx_word' id='word_1_223' title='bbox 211 4038 301 4098; x_wconf 91' lang='lat' dir='ltr'>sem,</span> <span class='ocrx_word' id='word_1_224' title='bbox 322 4038 480 4110; x_wconf 90' lang='lat' dir='ltr'>quorum</span> <span class='ocrx_word' id='word_1_225' title='bbox 500 4012 560 4087; x_wconf 88' lang='lat' dir='ltr'>alii</span> <span class='ocrx_word' id='word_1_226' title='bbox 580 4014 688 4089; x_wconf 90' lang='lat' dir='ltr'>bonis</span> <span class='ocrx_word' id='word_1_227' title='bbox 721 4013 899 4099; x_wconf 81' lang='lat' dir='ltr'>fruuntur,</span> <span class='ocrx_word' id='word_1_228' title='bbox 921 4013 1161 4087; x_wconf 89' lang='lat' dir='ltr'>dominantur</span> <span class='ocrx_word' id='word_1_229' title='bbox 1189 4012 1269 4086; x_wconf 86' lang='lat' dir='ltr'>aliis</span> <span class='ocrx_word' id='word_1_230' title='bbox 1288 4029 1325 4087; x_wconf 92' lang='lat' dir='ltr'>et</span> <span class='ocrx_word' id='word_1_231' title='bbox 1343 4031 1469 4087; x_wconf 89' lang='lat' dir='ltr'>aucto·</span> 
     </span>
     <span class='ocr_line' id='line_1_31' title="bbox 212 4131 1470 4230; baseline 0.002 -28"><span class='ocrx_word' id='word_1_232' title='bbox 212 4131 357 4205; x_wconf 90' lang='lat' dir='ltr'>ritatem</span> <span class='ocrx_word' id='word_1_233' title='bbox 389 4150 566 4207; x_wconf 84' lang='lat' dir='ltr'>exercent</span> <span class='ocrx_word' id='word_1_234' title='bbox 583 4161 590 4219; x_wconf 94' lang='lat'>;</span> <span class='ocrx_word' id='word_1_235' title='bbox 622 4131 682 4205; x_wconf 89' lang='lat' dir='ltr'>alii</span> <span class='ocrx_word' id='word_1_236' title='bbox 715 4157 805 4207; x_wconf 90' lang='lat' dir='ltr'>vero</span> <span class='ocrx_word' id='word_1_237' title='bbox 832 4131 925 4205; x_wconf 88' lang='lat' dir='ltr'>dura</span> <span class='ocrx_word' id='word_1_238' title='bbox 952 4131 1142 4229; x_wconf 88' lang='lat' dir='ltr'>patiuntur</span> <span class='ocrx_word' id='word_1_239' title='bbox 1172 4155 1297 4228; x_wconf 89' lang='lat' dir='ltr'>opera,</span> <span class='ocrx_word' id='word_1_240' title='bbox 1327 4132 1470 4230; x_wconf 90' lang='lat' dir='ltr'>subjeci</span> 
     </span>
     <span class='ocr_line' id='line_1_32' title="bbox 210 4249 1520 4345; baseline 0.002 -23"><span class='ocrx_word' id='word_1_241' title='bbox 210 4269 322 4345; x_wconf 90' lang='lat' dir='ltr'>atque</span> <span class='ocrx_word' id='word_1_242' title='bbox 340 4250 493 4323; x_wconf 91' lang='lat' dir='ltr'>obedire</span> <span class='ocrx_word' id='word_1_243' title='bbox 511 4269 597 4324; x_wconf 91' lang='lat' dir='ltr'>sunt</span> <span class='ocrx_word' id='word_1_244' title='bbox 610 4251 738 4338; x_wconf 89' lang='lat' dir='ltr'>coacti,</span> <span class='ocrx_word' id='word_1_245' title='bbox 757 4250 917 4325; x_wconf 89' lang='lat' dir='ltr'>maxime</span> <span class='ocrx_word' id='word_1_246' title='bbox 929 4276 1012 4324; x_wconf 89' lang='lat' dir='ltr'>esse</span> <span class='ocrx_word' id='word_1_247' title='bbox 1023 4249 1203 4324; x_wconf 88' lang='lat' dir='ltr'>absonam</span> <span class='ocrx_word' id='word_1_248' title='bbox 1220 4277 1228 4337; x_wconf 94' lang='lat'>;</span> <span class='ocrx_word' id='word_1_249' title='bbox 1243 4250 1314 4306; x_wconf 90' lang='lat'>&#39;’-</span> <span class='ocrx_word' id='word_1_250' title='bbox 1334 4260 1355 4288; x_wconf 82' lang='lat'>⁴⁴</span> <span class='ocrx_word' id='word_1_251' title='bbox 1371 4249 1471 4325; x_wconf 92' lang='lat' dir='ltr'>Reli·</span> <span class='ocrx_word' id='word_1_252' title='bbox 1518 4329 1520 4334; x_wconf 21' lang='lat' dir='ltr'>s</span> 
     </span>
     <span class='ocr_line' id='line_1_33' title="bbox 211 4364 1470 4469; baseline 0.003 -28"><span class='ocrx_word' id='word_1_253' title='bbox 211 4369 362 4467; x_wconf 88' lang='lat' dir='ltr'>gionem</span> <span class='ocrx_word' id='word_1_254' title='bbox 378 4366 616 4442; x_wconf 90' lang='lat' dir='ltr'>christianam</span> <span class='ocrx_word' id='word_1_255' title='bbox 631 4369 770 4444; x_wconf 90' lang='lat' dir='ltr'>vixisse</span> <span class='ocrx_word' id='word_1_256' title='bbox 783 4395 850 4443; x_wconf 90' lang='lat' dir='ltr'>nec</span> <span class='ocrx_word' id='word_1_257' title='bbox 858 4370 936 4467; x_wconf 91' lang='lat' dir='ltr'>jam</span> <span class='ocrx_word' id='word_1_258' title='bbox 949 4366 1108 4466; x_wconf 90' lang='lat' dir='ltr'>amplius</span> <span class='ocrx_word' id='word_1_259' title='bbox 1120 4368 1199 4448; x_wconf 88' lang='lat' dir='ltr'>lore</span> <span class='ocrx_word' id='word_1_260' title='bbox 1213 4364 1470 4469; x_wconf 55' lang='lat' dir='ltr'>utilit‘atis(¹)’⁴&#39;.</span> 
     </span>
    </p>
   </div>
   <div class='ocr_carea' id='block_1_3' title="bbox 212 4598 1472 4763">
    <p class='ocr_par' dir='ltr' id='par_1_4' title="bbox 212 4598 1472 4763">
     <span class='ocr_line' id='line_1_34' title="bbox 250 4598 1472 4684; baseline -0.002 -18"><span class='ocrx_word' id='word_1_261' title='bbox 250 4628 271 4666; x_wconf 88' lang='lat'>1.</span> <span class='ocrx_word' id='word_1_262' title='bbox 295 4612 527 4681; x_wconf 87' lang='lat' dir='ltr'>Hergeuroether,</span> <span class='ocrx_word' id='word_1_263' title='bbox 542 4613 618 4666; x_wconf 80' lang='lat' dir='ltr'>Hr&#39;st.</span> <span class='ocrx_word' id='word_1_264' title='bbox 628 4613 661 4665; x_wconf 81' lang='lat' dir='ltr'>de</span> <span class='ocrx_word' id='word_1_265' title='bbox 671 4598 799 4683; x_wconf 73' lang='lat' dir='ltr'>IEglise,</span> <span class='ocrx_word' id='word_1_266' title='bbox 810 4614 895 4680; x_wconf 85' lang='lat' dir='ltr'>VIII,</span> <span class='ocrx_word' id='word_1_267' title='bbox 910 4630 938 4684; x_wconf 87' lang='lat' dir='ltr'>p.</span> <span class='ocrx_word' id='word_1_268' title='bbox 955 4625 1039 4681; x_wconf 80' lang='lat'><strong>145...</strong></span> <span class='ocrx_word' id='word_1_269' title='bbox 1057 4625 1113 4681; x_wconf 85' lang='lat'>152.</span> <span class='ocrx_word' id='word_1_270' title='bbox 1125 4642 1159 4651; x_wconf 94' lang='lat'>—</span> <span class='ocrx_word' id='word_1_271' title='bbox 1176 4612 1278 4681; x_wconf 86' lang='lat' dir='ltr'>Cantu,</span> <span class='ocrx_word' id='word_1_272' title='bbox 1294 4610 1472 4680; x_wconf 77' lang='lat' dir='ltr'>Hisr.,x1x,</span> 
     </span>
     <span class='ocr_line' id='line_1_35' title="bbox 212 4708 312 4763; baseline 0.01 -19"><span class='ocrx_word' id='word_1_273' title='bbox 212 4711 238 4763; x_wconf 90' lang='lat' dir='ltr'>p.</span> <span class='ocrx_word' id='word_1_274' title='bbox 253 4708 312 4759; x_wconf 82' lang='lat'>40¹·</span> 
     </span>
    </p>
   </div>
   <div class='ocr_carea' id='block_1_4' title="bbox 0 0 1769 5482">
    <p class='ocr_par' dir='ltr' id='par_1_5' title="bbox 0 0 1769 5482">
     <span class='ocr_line' id='line_1_36' title="bbox 0 0 1769 5482; baseline 0 0"><span class='ocrx_word' id='word_1_275' title='bbox 0 0 1769 5482; x_wconf 95' lang='lat' dir='ltr'> </span> 
     </span>
    </p>
   </div>
  </div>
 </body>
</html>
