3496 5482
342 543 390 633 48
751 562 843 611 rara
870 561 929 612 sm
958 562 1032 612 nux
1062 562 1188 614 noua.

341 727 425 826 quis
445 736 550 812 nunc,
571 707 607 798 in
627 743 868 822 posterumve
896 723 1050 812 fallatur,
1070 743 1108 800 et
1139 726 1335 801 occasione
1366 726 1476 825 hujus
1496 752 1598 801 man·

342 843 550 920 suetudinis
569 862 607 917 et
625 841 789 917 lenitatis
811 841 969 939 spiritus
987 868 1062 940 qua
1080 843 1181 918 ducti
1209 843 1399 930 hactenus,
1425 843 1510 918 Deo
1529 843 1598 919 lar·

340 964 480 1063 giente‚
492 986 631 1047 sumus,
646 977 752 1058 putet
765 985 894 1035 eorum
908 960 1112 1059 quidquam
1128 987 1150 1035 a
1165 962 1289 1037 Nobis
1303 962 1417 1038 fuisse
1428 987 1597 1059 compro·

342 1081 482 1155 batum.

395 1210 415 1238 “
431 1196 674 1273 Declaramus
702 1222 786 1272 esse
814 1215 990 1282 mentem,
1012 1187 1257 1295 propositum,
1279 1198 1511 1280 voluntatem
1533 1231 1596 1279 no·

341 1336 467 1403 stram,
486 1316 611 1390 omnia
641 1315 751 1414 hujus
783 1314 933 1389 Sanctae
964 1315 1075 1390 Sedis
1106 1317 1281 1404 dominia,
1302 1322 1597 1421 eorumdemque

154 1449 157 1455 ’
259 1522 261 1524 ,
337 1437 423 1537 jura
442 1436 587 1536 integra
605 1452 643 1509 et
662 1433 839 1508 inviolata
856 1433 904 1506 ad
923 1459 1159 1509 successores
1172 1453 1320 1510 nostros
1333 1441 1597 1516 transmittere:

342 1581 384 1629 ac
402 1577 676 1653 quamcumque
694 1577 823 1627 eorum
842 1553 1137 1649 occupationem,
1157 1555 1239 1628 sive
1252 1554 1330 1653 jam
1351 1557 1497 1646 iactam,
1517 1560 1598 1634 sive

342 1671 462 1747 adhuc
488 1671 705 1757 faciendam,
728 1671 913 1770 injustam,
935 1669 1150 1759 violentam,
1172 1671 1321 1760 nullam,
1343 1674 1483 1751 irritam
1514 1704 1597 1753 esse

342 1789 593 1877 declaramus;
612 1790 818 1886 eademque
837 1789 1002 1863 dominia
1024 1789 1157 1876 Nobis,
1179 1793 1391 1890 nostrisque
1409 1821 1597 1871 successo·

342 1908 443 1982 ribus
461 1908 599 1983 debere
618 1907 760 1981 restitui
779 1905 834 2007 (¹)
856 1907 874 1968 ³⁹
1256 2003 1259 2007 .

391 2043 428 2104 4.
448 2026 523 2101 Vix
542 2052 563 2100 e
582 2024 750 2100 Statibus
769 2025 846 2099 suis
860 2022 1048 2121 expulsus,
1073 2025 1161 2099 Pius
1179 2026 1258 2102 IX:

392 2144 457 2243 A)
478 2146 520 2219 ln
539 2144 760 2219 consistorio
781 2168 829 2218 20
846 2141 986 2241 Aprilis
1016 2147 1111 2237 1849
1131 2145 1276 2220 Gaietae
1303 2147 1433 2223 habito
1461 2148 1511 2222 ita
1534 2149 1598 2246 jus

343 2264 382 2339 S.
404 2264 514 2339 Sedis
534 2266 570 2337 in
589 2263 798 2337 Romanam
817 2250 997 2337 ditionem
1017 2280 1165 2339 tuetur:

395 2384 548 2459 “Haud
575 2407 774 2480 possumus
802 2407 867 2456 eos
900 2407 973 2456 non
995 2382 1219 2483 redarguere
1245 2387 1322 2482 qui,
1343 2387 1494 2461 decreto
1524 2386 1595 2475 illu,

341 2531 417 2605 quo
439 2506 631 2579 Romanus
653 2501 826 2576 Pontifex
845 2503 966 2576 omnis
995 2503 1113 2578 civilis
1136 2502 1192 2578 sui
1218 2505 1363 2602 imperii
1394 2507 1598 2581 honoreac

341 2623 525 2722 dignitate
543 2639 601 2696 est
628 2617 817 2718 spoliatus,
839 2619 1030 2716 plaudunt,
1050 2662 1099 2674 -
1131 2647 1173 2696 ac
1198 2622 1390 2699 decretum
1419 2623 1517 2697 idem
1550 2623 1597 2697 ad

342 2742 457 2839 ipsius
479 2738 658 2815 Ecclesiae
677 2737 896 2823 libertatem,
918 2737 1207 2837 felicitatemque
1231 2740 1504 2838 procurandam
1538 2739 1597 2815 vel

342 2860 504 2953 maxime
522 2856 732 2932 conducere
750 2872 933 2930 asserunt.

396 2988 415 3017 “
432 2977 508 3050 Hic
526 2994 649 3050 autem
679 2973 800 3071 palam
820 2973 1042 3071 publiceque
1064 2974 1297 3072 profitemur,
1317 2975 1415 3065 nulla
1430 2978 1514 3052 Nos
1532 2976 1597 3051 do·

343 3097 509 3172 minandi
535 3094 751 3193 cupiditate,
777 3092 878 3169 nullo
906 3093 1120 3192 temporalis
1153 3094 1387 3192 Principatus
1412 3096 1598 3171 desiderio

344 3218 423 3291 haec
441 3214 552 3312 loqui,
568 3212 721 3319 quando
751 3211 902 3309 quidem
937 3212 1080 3287 Nostra
1113 3212 1258 3287 indole-s
1290 3233 1328 3288 et
1357 3215 1547 3314 ingenium
1577 3242 1599 3289 a

342 3335 476 3434 quavis
494 3332 750 3408 dominatione
769 3331 936 3429 profecto
955 3350 1013 3406 est
1030 3331 1205 3407 alienum.

398 3452 705 3527 “Verumtamen
724 3450 836 3525 officii
867 3449 998 3525 Nostri
1023 3451 1116 3523 ratio
1147 3449 1322 3548 postulat,
1350 3470 1390 3525 ut
1420 3452 1457 3525 in
1499 3451 1597 3526 civili

344 3570 574 3670 Apostolicae
603 3568 714 3644 Sedis
741 3568 952 3665 Principatu
983 3567 1122 3642 tuendo
1147 3568 1233 3667 jura
1263 3571 1599 3668 possessionesque

345 3691 495 3766 Sanctae
516 3688 698 3765 Romana:
713 3683 902 3772 Ecclesiae,
923 3703 1037 3782 atque
1054 3685 1224 3784 ejusdem
1246 3686 1356 3761 Sedis
1375 3686 1596 3772 libertatem,

327 3797 424 3907 'quoe
449 3832 530 3881 cum
551 3806 664 3879 totius
679 3802 853 3876 Ecclesiae
880 3801 1051 3878 libertate
1069 3822 1108 3879 et
1127 3803 1287 3879 utilitate
1313 3822 1371 3880 est
1389 3807 1597 3904 conjuncta,

344 3926 433 4003 totis
452 3923 592 3998 viribus
606 3920 863 3996 defendamus.
882 3921 899 3946 ”

394 4030 453 4142 Β)
471 4043 659 4140 Surgente
684 4065 783 4115 nova
802 4039 838 4112 in
859 4038 897 4113 S.
919 4039 1029 4115 Sedis
1047 4040 1255 4115 dominium
1274 4040 1445 4140 procella,
1467 4040 1599 4115 iterum

344 4165 445 4240 levat
459 4184 591 4238 vocem
609 4158 696 4232 Pius
719 4156 776 4230 lX
795 4174 833 4231 et
851 4156 930 4230 haec
951 4160 1096 4232 nuntiat
1115 4159 1255 4233 mundo
1282 4160 1482 4235 universo:
1504 4170 1524 4197 “
1547 4160 1602 4235 Ut

348 4283 541 4355 Romanus
564 4273 737 4351 Pontifex
760 4274 944 4348 Primatus
963 4274 1034 4348 sibi
1053 4277 1233 4350 divinitus
1251 4276 1375 4350 collati
1398 4300 1543 4362 munus,
1562 4294 1601 4349 ut

345 4427 412 4499 par
430 4418 497 4486 est,
518 4396 748 4494 adimpleret,
771 4393 814 4467 iis
834 4395 1028 4495 indigebat
1058 4396 1252 4493 praesidiis,
1273 4421 1358 4492 quae
1390 4415 1600 4491 temporum

346 4519 549 4598 conditioni
568 4537 607 4593 et
626 4514 839 4593 necessitati
858 4534 1117 4614 congruerent.
1139 4514 1253 4589 Unde
1268 4512 1447 4613 singulari
1464 4514 1602 4587 divinae

385 4732 407 4772 1·
423 4715 513 4772 Alloc.
527 4714 573 4769 cit.
