3496 5482
456 700 668 818 cnrur
696 698 1125 788 unnacruuu.

159 862 236 943 Ad
257 860 489 941 ordinem
510 865 558 941 et
577 877 806 940 securam
826 877 1002 954 pacem
1015 841 1419 960 'recuperandam

211 978 463 1072 Societati‚·
475 978 555 1060 via
571 976 900 1077 principalior
914 982 989 1058 est
1002 978 1254 1061 restitutio
1272 980 1420 1062 Prin-

208 1097 404 1196 cipatus
426 1098 470 1179 S.
493 1096 635 1179 Sedis
653 1102 703 1178 et
720 1095 1003 1195 praesertim
1025 1097 1172 1179 Urbis
1194 1100 1382 1179 Rornae,

202 1364 230 1422 l.
248 1364 351 1421 vana
372 1366 428 1422 est
443 1361 566 1420 omnis
587 1360 658 1419 alia
680 1360 830 1421 solutio.
848 1392 885 1404 -
901 1361 935 1420 2.
954 1361 1115 1434 Statius
1137 1363 1318 1420 continuo
1340 1362 1420 1421 cia-

158 1474 284 1519 mans:
303 1462 457 1518 toiiatur
468 1474 590 1532 causa,
605 1459 643 1516 id
660 1465 714 1518 est
730 1459 880 1535 injuria,
899 1465 941 1518 ut
957 1460 1115 1519 tollatur
1130 1458 1296 1535 effectus,
1311 1460 1349 1518 id
1365 1466 1421 1520 est

159 1559 382 1632 inquietudo
397 1560 639 1631 populorum.
655 1592 695 1601 -
710 1558 743 1618 3.
760 1559 840 1617 Stat
854 1571 1003 1618 summa
1019 1559 1353 1632 incompatibilitas
1372 1560 1421 1619 ad

158 1656 320 1730 quodvis
335 1657 441 1715 aliud
456 1657 635 1715 medium.
651 1688 692 1700 -
705 1655 744 1714 4.
761 1657 889 1716 Cesset
904 1658 1129 1729 quantocius
1151 1670 1293 1716 novum
1318 1657 1420 1717 istud

160 1757 222 1814 Aac
232 1755 336 1827 Rabbr',
349 1756 417 1814 Rex
423 1756 597 1833 Judaeorum
608 1758 622 1814 i
633 1754 715 1815 -5.
730 1755 924 1814 Hactenus
940 1757 1095 1814 unicum
1106 1756 1276 1815 medium
1287 1756 1420 1815 tuendi

159 1855 492 1928 independentiam
508 1857 645 1914 summi
665 1856 853 1915 Primatus
868 1855 939 1915 suit
954 1856 1115 1928 dignitas
1130 1857 1282 1934 regalis;
1295 1857 1419 1917 adhuc

158 1959 214 2013 est
229 1955 449 2030 necessaria,
474 1956 545 2013 nisi
562 1955 734 2015 ordinem
753 1956 1007 2016 Providentiae
1022 1962 1170 2015 mutare
1187 1957 1361 2018 velimus,
1379 1993 1420 2002 -

159 2053 190 2114 6.
208 2055 350 2114 satisfit
372 2056 650 2128 objectionibus
665 2069 713 2114 ex
737 2056 863 2114 indole
887 2061 1025 2115 nostrae
1047 2056 1183 2132 aetatu,
1199 2070 1286 2129 quae
1303 2057 1419 2116 veilet

162 2150 416 2213 Providentiae
444 2154 674 2212 substituere
702 2166 815 2212 suum
846 2156 1046 2213 inventum
1075 2154 1298 2212 humanum.
1320 2187 1360 2197 —
1385 2157 1417 2216 7.

160 2251 315 2310 Necnon
331 2253 414 2311 aliis
428 2250 714 2313 difficultatibus
728 2252 873 2311 ordinis
888 2253 1095 2324 superioris
1106 2253 1367 2325 respondetur.
1379 2286 1419 2296 -

159 2350 192 2409 8.
212 2350 448 2424 principatus
470 2352 533 2409 ille
557 2352 774 2424 temporalis
799 2351 847 2409 sit
874 2351 1015 2426 Romae,
1040 2355 1077 2409 et
1103 2364 1179 2411 non
1206 2351 1306 2410 alibi.
1323 2383 1363 2393 -
1383 2352 1418 2413 9.

163 2449 273 2508 iiiulia
306 2450 486 2522 adjuncta
513 2463 581 2508 nec
610 2453 814 2527 praeterita,
848 2464 915 2509 nec
944 2453 1159 2527 praesentia,
1191 2463 1260 2509 nec
1289 2449 1419 2509 futura

158 2547 288 2606 sinunt
299 2553 498 2620 expectare
510 2548 624 2606 niodum
636 2549 759 2622 ouandi,
769 2549 992 2609 Vaticanum
1008 2552 1107 2609 inter
1118 2555 1156 2609 et
1167 2548 1419 2624 Quirinale—

162 2642 222 2702 10:
232 2644 432 2704 Conclusio
450 2640 582 2704 unica&
600 2647 684 2704 Para
699 2663 748 2705 siv
763 2647 835 2704 Rax
852 2648 975 2706 RonAEi

211 2905 239 2963 1.
263 2892 317 2965 Ut
339 2893 440 2989 Papa
460 2893 577 2989 possit
595 2918 708 2990 quarn
728 2892 985 2968 efficacissime
1006 2911 1045 2968 et
1072 2893 1256 2968 tutissime
1278 2893 1417 2968 Prima·

158 3027 236 3082 tum
272 3035 381 3083 suum
417 3035 593 3085 exercere
621 3010 852 3108 spiritualem
881 3011 925 3114 ⁴in
957 3036 1112 3098 omnes;
1141 3028 1181 3084 ut
1210 3009 1416 3085 remedium

157 3127 331 3201 afferatur
358 3128 442 3201 huic
472 3128 675 3203 conditioni
708 3128 908 3203 anxietatis
927 3127 1124 3213 continuat,
1145 3129 1202 3202 cui
1221 3125 1416 3228 subjacent

159 3264 295 3318 nostrae
310 3246 519 3331 societates,
534 3265 571 3320 et
586 3245 694 3319 simul
710 3246 923 3343 imponatur
936 3244 1020 3318 finis
1040 3246 1214 3342 praesenti
1229 3243 1415 3319 conflictui

161 3363 380 3437 Pontificem
408 3364 503 3437 inter
532 3382 569 3438 et
602 3390 757 3462 regnum
795 3363 921 3447 ltaliae,
952 3389 1026 3436 non
1055 3380 1226 3460 superest
1251 3363 1415 3438 medium

157 3479 256 3554 aliud
272 3481 341 3555 nisi
358 3465 544 3556 restitutio
559 3483 664 3581 regni
681 3481 907 3579 temporalis,
924 3482 1126 3578 etquidem
1150 3481 1265 3555 Urbis
1283 3482 1416 3556 Romae

158 3624 241 3672 curn
254 3600 439 3673 territorio
452 3598 716 3686 sufficienti,ad
728 3600 921 3672 arbitrium
935 3599 1050 3696 ipsius
1061 3599 1272 3673 Beatissimi
1282 3599 1412 3676 Patris

210 3717 538 3811 Quemadmodum
568 3718 646 3814 ipse
672 3735 853 3791 testatur:
888 3717 1077 3790 “Vanum
1104 3734 1161 3790 est
1185 3715 1232 3789 ad
1251 3717 1415 3791 remedia

158 3834 366 3932 legislativa
403 3859 613 3921 rccurrere;
651 3834 789 3908 nullum
826 3860 872 3909 ex
911 3835 1072 3908 iuridicis
1104 3834 1252 3908 statutis
1277 3835 1415 3932 poterit

158 3978 321 4049 unquam
341 3978 468 4026 veram
488 3952 657 4026 conferre
682 3952 1021 4050 independentiam‚
1051 3953 1132 4026 sine
1163 3952 1416 4027 iurisdictione

158 4069 377 4144 territoriali.
398 4115 445 4125 —
469 4071 526 4145 Ea
546 4096 636 4145 vero
655 4071 829 4156 conditio,
848 4096 961 4168 quarn
984 4070 1106 4145 Nobis
1124 4070 1278 4143 Omnino
1297 4088 1414 4145 tutam

157 4188 387 4284 praestitisse
406 4187 603 4273 affirmant,
622 4214 858 4286 nequaquam
879 4190 960 4286 ipsa
977 4206 1034 4263 est
1056 4214 1152 4285 quae
1175 4187 1296 4262 Nobis
1315 4213 1414 4261 cotn-

158 4305 250 4402 petit
268 4324 382 4402 atque
401 4332 495 4403 opus
514 4325 582 4380 est.
607 4307 665 4379 Ea
685 4333 757 4380 non
778 4327 835 4381 est
854 4306 1004 4380 libertas
1024 4330 1123 4392 vera,
1143 4306 1209 4380 sed
1229 4331 1415 4403 apparens

158 4443 301 4496 tantuin
322 4441 434 4520 atque
454 4423 645 4509 instabilis,
673 4425 759 4521 quia
783 4424 904 4499 alieno
923 4423 1075 4498 arbitrio
1104 4423 1278 4498 obnoxia.
1303 4423 1414 4498 Hanc

158 4540 339 4714 liberttptps
354 4542 516 4637 speciem
532 4542 593 4638 qui
609 4542 721 4628 dedit,
738 4543 835 4615 idem
850 4541 994 4626 auferre
1010 4560 1149 4638 potest:
1165 4541 1244 4616 heri
1259 4542 1411 4629 sancita,

159 4668 239 4716 cras
286 4662 414 4715 eetur.
