3496 5482
655 588 776 638 CAPUT
805 588 967 640 PRIMUM.
1395 589 1436 638 21

94 846 99 859 υ
178 735 390 854 quamipsa
412 753 654 830 Providentia
683 751 854 856 Pontifici
882 752 1090 848 possessori
1110 769 1167 826 est
1186 751 1321 851 largita
1350 752 1439 826 dum

92 862 95 867 ⁴
177 875 258 972 ejus
277 872 467 970 possessio
488 871 556 946 toti
578 861 757 944 terrarum
777 870 859 944 orbi
879 869 1043 966 prodest,
1062 869 1199 944 nedum
1220 869 1321 943 bono
1339 895 1457 944 eom-.

177 994 279 1067 muni
299 993 335 1066 in
363 992 630 1067 detrimentum
650 993 770 1065 cedat.

230 1112 307 1186 Ubi
327 1111 487 1207 primum
518 1109 632 1207 igitur
664 1108 879 1182 restituetur
898 1107 1050 1182 Vicario
1069 1104 1210 1183 Christi
1230 1109 1437 1183 dominium

175 1228 392 1327 temporale,
424 1227 606 1313 Ecclesia,
629 1252 697 1300 sua
711 1226 877 1325 genuina
908 1225 1082 1301 libertate
1114 1228 1280 1324 praedita,
1302 1227 1439 1324 poterit
1468 1213 1474 1278 Ᾰ

175 1348 340 1423 efficacia
359 1347 540 1421 adhibere
572 1333 821 1420 medicamina
843 1343 1028 1442 etplagae
1059 1345 1260 1418 socialismi
1292 1346 1437 1420 univer·

175 1468 291 1542 salem
310 1467 443 1542 allerre
462 1448 696 1540 sanationem
713 1492 720 1550 ;
739 1482 863 1563 cesset
881 1490 949 1561 pro
967 1490 1115 1538 summo
1144 1464 1325 1539 Pontifice
1351 1490 1435 1538 con-

175 1586 267 1661 ditio
291 1584 371 1659 haec
401 1599 489 1658 vere
520 1581 774 1668 intolerabilis,
802 1600 840 1656 et
859 1582 1286 1679 extemplo'placabitur
1306 1582 1436 1667 Deus;

174 1703 308 1778 iterum
327 1721 441 1800 atque
460 1702 592 1787 iterum
608 1725 693 1773 curn
713 1699 928 1773 nationibus
947 1699 1130 1774 habitabit
1157 1700 1263 1774 Deus
1284 1701 1383 1796 pacis
1398 1718 1436 1772 et

168 1823 335 1919 justitiae,
351 1837 389 1894 et
404 1821 537 1894 iterum
557 1819 723 1893 dicetur:
746 1817 925 1915 “justitia
945 1837 983 1892 et
1003 1844 1076 1915 pax
1101 1817 1278 1892 osculatae
1298 1835 1395 1891 sunt.
1418 1817 1435 1845 '⁹
1461 1856 1464 1861 ·

174 1939 284 2012 Tunc
302 1939 426 2013 denuo
446 1935 659 2034 splendebit
679 1937 716 2008 in
737 1934 851 2033 regali
872 1937 1070 2033 majestate
1088 1963 1156 2009 sua
1191 1935 1434 2009 Pontificatus

173 2044 380 2153 supremus.
405 2055 456 2129 Et
482 2056 618 2152 poterit
639 2054 719 2149 ipse
739 2054 928 2148 prosperis
948 2054 1143 2126 conatibus
1170 2052 1433 2127 neo-barbaro-

173 2199 253 2248 rum
271 2173 486 2249 violentiam
502 2196 753 2268 compescere,
769 2195 845 2266 quo
865 2196 968 2245 more
993 2170 1108 2244 fertur
1132 2171 1219 2245 olim
1241 2171 1278 2244 S.
1303 2171 1383 2243 Leo
1401 2164 1429 2241 ¹I

172 2295 378 2370 inhibuisse
409 2294 636 2367 Hunnorum
664 2312 814 2376 turmas,
849 2316 1054 2387 eorumque
1095 2316 1223 2390 regem
1264 2288 1428 2374 Atillam,

171 2414 228 2486 cui
248 2437 459 2512 cognomen
480 2409 709 2510 “flagellum
732 2408 806 2482 Dei
827 2408 843 2436 ’'
869 2427 927 2482 est
947 2408 1125 2481 tributum
1141 2437 1149 2494 ;
1168 2434 1243 2506 quo
1263 2433 1366 2481 more
1393 2425 1431 2480 et

169 2533 414 2629 sequentibus
432 2529 577 2605 saeculis
597 2546 794 2605 narrantur
812 2529 1019 2621 saepissime
1047 2529 1207 2602 Romani
1231 2527 1431 2602 Pontifices

169 2633 328 2750 fregisse
347 2652 446 2724 vires
464 2650 735 2746 audaciamque
752 2649 961 2722 Turcarum
980 2669 1018 2723 et
1038 2649 1138 2723 bono
1153 2649 1302 2745 publico
1317 2649 1430 2723 totius

172 2768 337 2866 Europae
356 2768 576 2865 providisse.
798 2765 802 2772 ’

222 2896 275 2957 12.
308 2884 500 2971 Econtra,
521 2885 699 2982 quamdiu
732 2884 944 2957 videbimus
973 2883 1291 2959 abominationem
1323 2882 1430 2957 deso-

169 3005 317 3080 lationis
337 3023 500 3079 stantem
520 3006 556 3078 in
576 3005 660 3080 loco
679 3025 820 3091 sanctu,
838 3023 875 3078 et
898 3005 1043 3079 Urbem
1070 3031 1214 3079 sacram
1235 3005 1428 3101 impiarum

169 3142 353 3200 sectarum
370 3125 500 3199 sedem
516 3123 595 3198 heri
609 3123 664 3224 (¹),
682 3125 761 3198 haec
781 3125 850 3198 tria
865 3125 1269 3222 perpetuoobstabunt
1288 3122 1428 3199 efficaci

168 3263 206 3319 et
232 3244 430 3319 universali
450 3245 675 3342 repressioni
695 3244 921 3320 socialismi:
948 3245 1055 3319 Deus
1075 3247 1201 3343 justus
1225 3262 1264 3318 et
1291 3243 1430 3316 vindex

168 3362 205 3435 in
224 3362 451 3460 populos—
478 3363 699 3460 impotentia
739 3362 912 3462 quaedam
942 3362 1134 3448 Ecclesiae,
1152 3362 1202 3436 ob
1241 3360 1429 3436 defectum

168 3480 278 3579 hujus
305 3483 480 3581 genuinae
499 3481 681 3569 libertatis
701 3483 772 3578 ipsi
790 3482 971 3554 divinitus
985 3482 1188 3580 assignatae
1202 3479 1430 3575 -denique

166 3599 371 3696 pessimum
399 3601 498 3673 istud
525 3600 739 3698 exemplum
767 3601 869 3697 quod
900 3600 1043 3673 cunctis
1076 3598 1224 3697 populis
1252 3597 1430 3674 continuo

167 3716 374 3791 exhibetur.

216 3835 257 3908 Α
260 3835 281 3933 )
306 3835 456 3931 lustitia
475 3836 612 3909 divina.
651 3834 803 3909 Etenim
825 3836 1007 3922 nationes
1031 3834 1124 3911 salso
1139 3834 1321 3932 principio
1340 3862 1429 3911 non·

169 3954 448 4041 zittervenlionis
466 3954 604 4029 innixae
622 3974 661 4030 et
678 3975 891 4053 quaerentes
913 3958 1175 4031 excusationes
1195 3957 1427 4053 inpeccatis,

164 4074 296 4149 otiosae
311 4072 536 4147 adstiterunt
551 4093 589 4148 et
604 4075 784 4172 sacrilege
799 4101 918 4172 passae
934 4095 1020 4149 sunt
1035 4073 1283 4171 spolationem
1300 4074 1429 4171 primae

165 4210 203 4266 et
217 4193 436 4292 justissimae
448 4193 667 4290 'Majestatis
683 4195 797 4268 totius
813 4195 929 4270 Orbis
949 4214 986 4268 et
1001 4176 1243 4269 violationem
1263 4195 1428 4292 iniquam

161 4313 299 4411 jurium
322 4314 544 4388 Defensoris
559 4315 738 4411 supremi.
773 4316 951 4412 Jamvero
980 4341 1045 4411 per
1070 4340 1155 4413 quae
1188 4332 1318 4410 peccat
1344 4315 1428 4412 quis

165 4456 231 4529 per
260 4432 339 4504 haec
368 4450 405 4506 et
434 4450 638 4529 torquetur.
673 4433 813 4507 Nonne
842 4452 880 4507 et
909 4434 1074 4506 omnium
1107 4431 1248 4506 lacinus
1278 4458 1427 4530 poenam

165 4565 327 4651 meretur
345 4566 458 4645 atque
481 4549 686 4623 vindictam
707 4552 742 4623 in
763 4550 925 4625 omnes?
944 4550 1068 4626 Adest
1099 4551 1273 4626 vindicta.
1299 4551 1428 4624 Posuit

206 4753 227 4792 1.
249 4738 307 4793 Leo
321 4738 408 4807 XIII,
421 4739 512 4793 Alloc.
527 4754 561 4807 24
575 4742 639 4795 Oct.
656 4741 732 4796 1888.
782 4798 786 4808 ‚
805 4805 808 4808 Α
