3496 5482
261 497 633 507 *m

722 561 846 612 canuc
874 560 1040 610 scxrutr.
1444 563 1512 634 113

259 718 295 790 N
300 719 430 793 emrod
450 746 491 794 ac
513 719 693 795 Salomon
710 721 857 795 luerunt
872 721 998 819 magni
1011 720 1179 819 ejusdem
1195 721 1375 820 magistri,
1390 721 1514 796 sabula

255 853 313 909 est
343 861 450 934 aeque
479 838 553 914 fide
584 839 699 938 digna
729 864 772 913 ac
803 839 940 913 nostris
971 838 1104 913 diebus
1134 838 1333 913 existentia
1361 838 1513 915 lamosae

257 953 392 1029 Dianae
421 956 619 1057 Vaughan.
640 1001 690 1013 —
712 957 817 1032 ldem
847 956 1047 1031 dicendum
1078 956 1128 1031 de
1159 956 1400 1032 successione
1431 957 1514 1056 ejus

253 1070 393 1165 directa
412 1074 460 1149 ab
482 1075 644 1173 antiquis
662 1075 870 1174 AEgyptiis,
891 1092 955 1149 aut
980 1074 1181 1172 Gnosticis,
1197 1092 1261 1149 aut
1279 1074 1512 1164 Manichaeis,

254 1206 318 1263 aut
336 1191 598 1280 Valdensibus,
620 1211 684 1268 aut
703 1192 929 1290 Templariis
949 1189 1007 1292 (¹)

303 1308 439 1383 Ortum
458 1310 587 1386 habuit
602 1329 705 1386 secta
726 1310 942 1385 Massonica
954 1310 1059 1384 initio
1081 1309 1205 1384 saeculi
1220 1309 1354 1385 decimi
1371 1309 1494 1385 octavi
1504 1336 1512 1398 ;

253 1444 342 1501 nota
360 1445 419 1503 est
437 1429 517 1527 ejus
532 1431 662 1527 patria,
684 1430 762 1504 noti
781 1446 868 1505 sunt
887 1429 969 1527 ejus
987 1447 1173 1525 parentes.

305 1550 348 1622 ln
369 1550 509 1649 Anglia
528 1552 693 1650 antiquae
712 1550 1033 1626 caementariorum
1052 1575 1119 1624 seu
1138 1566 1364 1625 structorum
1382 1574 1512 1646 corpo·

252 1669 424 1755 rationes,
443 1668 551 1744 sicuti
570 1671 683 1744 etiam
703 1695 784 1744 mos
803 1686 883 1744 erat
901 1668 1001 1765 apud
1019 1668 1110 1742 alias
1121 1669 1376 1766 operariorum
1395 1667 1511 1742 socie·

252 1803 358 1873 tates,
392 1789 579 1864 interdum
612 1789 649 1863 in
681 1789 804 1864 sinum
835 1812 943 1862 suum
977 1786 1125 1861 sodales
1156 1786 1416 1872 admittebant,
1447 1786 1510 1884 qui

252 1906 404 1983 minime
417 1934 539 1985 rerum
554 1928 660 1985 erant
680 1910 985 2007 opificesltaque
1005 1908 1142 1982 lactum
1162 1925 1219 1982 est
1238 1925 1278 1982 ut
1292 1926 1509 2001 ann01717,

254 2024 429 2100 Londinii
459 2045 534 2103 tres
567 2028 781 2127 hujusmodi
801 2026 1000 2126 collegiati,
1030 2051 1167 2122 nempe
1191 2025 1368 2124 physicus
1391 2026 1510 2101 Desa·

250 2143 398 2242 guliers,
430 2146 629 2247 theologus
660 2148 692 2246 J
724 2147 926 2221 Anderson
956 2172 998 2219 ac
1026 2146 1074 2220 G.
1107 2146 1244 2243 Payne,
1275 2144 1510 2221 sodalitatem

250 2265 582 2353 caementariorum,
606 2265 664 2341 cui
693 2265 741 2339 ad
771 2264 808 2338 id
841 2263 1020 2362 temporis
1050 2287 1168 2360 usque
1198 2263 1375 2360 adscripti
1395 2280 1511 2351 erant,

252 2379 513 2481 relinquerent,
535 2400 575 2458 et
591 2409 728 2459 novam
758 2384 1032 2458 constituerent
1049 2381 1336 2457 associationem
1351 2382 1512 2481 pseudo·

251 2517 486 2589 structorum,
521 2527 607 2600 quae
634 2501 751 2576 libera
783 2518 864 2576 erat
893 2526 962 2575 seu
990 2498 1113 2574 soluta
1140 2499 1188 2574 ab
1224 2499 1304 2573 aliis
1340 2500 1510 2599 ejusdem

250 2618 469 2709 artificibus;
492 2620 579 2695 inde
605 2646 741 2695 nomen
766 2644 896 2693 eorum
912 2619 1305 2692 Franco-mutatorum
1321 2643 1388 2692 seu
1410 2618 1511 2692 Mas·

252 2764 384 2815 sonum
404 2741 614 2827 liberorum,
625 2741 715 2839 free
734 2765 878 2814 morans
896 2737 950 2838 (²).

301 2859 447 2957 Scopus
466 2885 595 2935 eorum
614 2858 836 2956 primitivus,
853 2882 965 2930 verus
983 2853 1044 2931 vel
1063 2854 1375 2942 fucatus,videtur
1394 2855 1508 2931 luisse

249 2978 449 3074 quamdam
483 2977 649 3052 stabilire
677 2975 897 3074 religionem
930 2973 1135 3049 naturalem
1165 2997 1311 3048 necnon
1347 2973 1508 3072 aliquam

251 3094 373 3170 colere
391 3094 717 3195 philanthropiam.

302 3213 483 3288 Nonnulli
510 3213 711 3310 scriptores
745 3211 853 3285 nimis
885 3227 972 3284 sunt
991 3211 1027 3284 in
1047 3211 1311 3285 enumerandis
1335 3229 1373 3285 et
1392 3210 1509 3307 expli·

250 3331 377 3405 candis
393 3333 615 3405 Massonum
635 3329 789 3428 triginta
804 3329 922 3403 tribus
937 3327 1049 3402 variis
1063 3328 1243 3426 gradibus
1261 3345 1299 3403 et
1318 3328 1354 3402 in
1373 3328 1510 3404 descri-

249 3450 382 3525 bendis
422 3476 550 3526 eorum
593 3450 826 3524 caeremoniis
865 3449 1188 3548 tragico-comicis.
1223 3449 1370 3547 Spretis
1408 3450 1509 3524 hisce

250 3570 358 3668 nugis
376 3570 424 3644 ad
442 3596 487 3644 ea
507 3587 653 3644 tantum
673 3569 912 3643 attendamus
927 3594 1012 3666 quae
1033 3592 1101 3642 nos
1120 3567 1257 3642 docent
1276 3567 1323 3641 de
1342 3568 1507 3642 satanica

248 3686 317 3761 hac
336 3708 448 3775 secta,
473 3689 635 3763 Romani
653 3687 866 3773 Pontifices,
889 3688 1077 3762 Doctores
1096 3686 1264 3761 veritatis
1283 3685 1340 3787 (³).

284 3923 306 3963 1.
320 3908 337 3935 “
352 3910 375 3962 ll
385 3920 428 3965 est
438 3909 614 3980 impossible,
624 3910 723 3980 quand
733 3927 770 3964 on
784 3910 915 3965 examine
926 3909 967 3965 les
980 3910 1084 3965 choses
1098 3910 1115 3964 a
1128 3910 1156 3964 la
1170 3909 1257 3964 clarte
1271 3909 1307 3963 de
1318 3909 1463 3979 l’histoire,
1473 3911 1510 3966 de

242 3987 392 4044 deeouvrir
412 4000 557 4045 comment
579 3991 606 4044 la
617 3989 908 4059 Francmaqonnerie
931 3989 1027 4044 derive
1040 3989 1092 4045 des
1106 3989 1246 4059 mysteres
1259 3973 1411 4060 d'ligypte,
1425 4006 1460 4045 ou
1476 3991 1511 4045 de

241 4083 311 4122 ceux
323 4068 358 4122 de
372 4069 399 4122 la
409 4068 509 4136 Grece,
523 4070 559 4124 de
570 4069 676 4124 l’union
696 4069 953 4139 pythagoricienne
966 4085 1003 4123 uu
1016 4069 1068 4124 des
1081 4067 1252 4124 architectes
1265 4067 1442 4138 dionysiens,
1455 4069 1509 4124 des

244 4147 400 4203 Esseniens
413 4168 450 4205 ou
463 4150 514 4204 des
527 4148 734 4218 Therapeutes,
757 4149 807 4204 des
831 4150 1008 4219 Gnostiques
1021 4165 1058 4203 ou
1071 4148 1123 4202 des
1147 4146 1344 4216 Manicheens,
1367 4147 1418 4203 des
1434 4149 1508 4204 Vau-

245 4227 308 4281 dois
321 4245 357 4282 ou
370 4229 421 4285 des
434 4230 601 4299 Templiers.
617 4229 766 4283 Personne
775 4230 934 4284 n’aeneore
946 4245 984 4298 pu
997 4227 1146 4282 decouvrir
1158 4227 1185 4282 le
1194 4226 1252 4282 lien
1266 4227 1313 4297 qui
1330 4227 1399 4283 relie
1409 4228 1437 4282 la
1446 4229 1511 4298 prl-

245 4307 345 4360 tendue
358 4307 647 4378 Franc-maqonnerie
659 4307 799 4362 ancienne
813 4309 830 4361 a
844 4309 872 4362 la
885 4309 908 4361 F
911 4304 1174 4377 rane-maqormerie
1189 4306 1475 4376 moderne.”(Wetzer
1484 4318 1512 4363 et

246 4386 348 4452 Welte,
363 4388 436 4442 Dr‘ct.
461 4387 558 4458 encycl.
573 4387 648 4440 dela
661 4386 742 4440 theol.
763 4397 814 4441 art.
829 4385 1083 4456 Frena-matous.)

282 4481 304 4518 2.
321 4466 408 4521 Nota.
425 4468 495 4521 Inde
509 4467 539 4521 fit
553 4480 584 4521 ur
598 4485 603 4520 :
619 4466 634 4493 ‘¹
650 4467 705 4519 Les
720 4467 961 4536 Francs-maqons
974 4477 1024 4521 ont
1038 4466 1144 4536 adoptd
1158 4466 1209 4520 des
1226 4466 1372 4535 symboles
1386 4467 1433 4536 qui
1447 4477 1513 4522 sont

243 4554 307 4599 tous
320 4547 485 4615 empruntes
504 4548 521 4599 a
539 4548 599 4600 l’art
619 4545 655 4599 de
673 4542 764 4613 batir,
774 4547 828 4600 tels
842 4563 896 4616 que
911 4547 936 4601 le
949 4547 1059 4613 tablier,
1073 4547 1100 4599 la
1114 4546 1222 4612 truelle,
1236 4546 1382 4616 l’equerre,
1396 4547 1422 4602 le
1435 4564 1512 4602 com·

243 4641 302 4694 pas.
317 4625 330 4652 ”
343 4626 440 4692 (Card.
458 4627 634 4694 Dechamps,
648 4626 692 4678 Lu
706 4626 996 4694 Fratre-maeonium,
1006 4637 1024 4679 t.
1039 4627 1060 4680 l.
1073 4626 1199 4679 OEuures
1210 4626 1323 4693 compl,
1336 4637 1354 4680 t.
1369 4627 1420 4695 IX,
1437 4645 1463 4697 p.
1475 4626 1513 4692 7.)

280 4719 304 4772 3.
318 4704 335 4732 “
349 4706 445 4774 Quant
463 4706 523 4759 ala
536 4705 704 4772 hierarchia
724 4705 742 4758 il
757 4705 833 4760 suffit
845 4706 882 4760 de
896 4707 1025 4774 rappeler
1046 4706 1088 4760 les
1108 4704 1178 4760 trois
1202 4706 1308 4773 grades
1330 4722 1440 4760 connus
1462 4706 1514 4761 des

298 4825 359 4875 Papa
370 4825 398 4865 sir
411 4838 447 4866 rex
464 4828 547 4867 Romae„
1452 4829 1465 4868 8
