3496 5482
624 526 746 578 caput·
775 525 926 575 nortun.
955 590 958 594 Α

151 628 406 637 ..--——-—--.-.-..-

205 683 266 755 En
285 684 485 779 quomodo,
505 684 645 757 latente
664 684 746 780 ipso
766 683 951 769 Gibbone,
976 683 1195 757 Dominium
1214 700 1410 781 paternum

156 800 268 897 Papae
299 801 455 899 ejusque
484 798 743 897 praefectorum
771 798 831 873 vel
863 798 1114 885 defensorum,
1134 799 1204 873 sub
1232 799 1410 901 singulari

154 917 237 992 forti
257 943 300 992 ac
318 919 423 992 suavi
454 918 602 993 actione
635 917 896 1002 Providentiae,
918 916 1022 994 brevi
1054 935 1092 991 et
1120 918 1412 993 connaturaliter

154 1039 337 1113 succrevit
357 1057 394 1114 et
407 1039 553 1114 transiit
573 1038 609 1113 in
621 1036 710 1113 illud
725 1036 929 1135 temporale
951 1037 1180 1124 Dominium,
1197 1039 1302 1137 cujus
1320 1062 1412 1134 prae·

155 1174 257 1230 terea
272 1156 485 1254 exemplum
506 1173 629 1231 exstat
648 1155 800 1242 nullum,
820 1155 1063 1230 commixtum
1083 1155 1223 1231 scilicet
1242 1181 1289 1230 ex
1309 1174 1413 1252 pote·

133 1283 136 1292 '
156 1293 252 1349 state
270 1275 451 1372 spirituali
470 1301 615 1351 summa
634 1293 671 1350 et
690 1274 790 1352 civili
811 1275 1024 1373 Principatu
1044 1275 1148 1377 regio
1168 1299 1354 1373 suprem0,
1376 1275 1414 1347 in

156 1421 285 1470 verum
309 1398 576 1471 Patrimonium
609 1396 718 1471 Petri.
754 1396 841 1472 Hoc
873 1420 966 1495 ergo
998 1394 1128 1469 violari
1160 1394 1443 1493 nequitquin,'

158 1532 197 1588 ut
230 1515 280 1588 ita
306 1516 438 1601 dicam,
459 1514 647 1589 violentur
660 1515 745 1613 jura
764 1507 1036 1610 patrimonialia
1054 1512 1291 1588 haereditatis'
1301 1512 1415 1586 totius
1490 1599 1492 1602 Α

160 1633 289 1731 populi
309 1660 399 1709 vere
411 1633 600 1708 christiani
620 1658 687 1730 per
706 1633 849 1709 Orbem
868 1633 1036 1731 dispersi.

209 1783 241 1843 9.
271 1769 314 1842 ln
329 1770 550 1866 spoliatione
564 1757 731 1844 Dominii
748 1787 803 1844 tot
821 1788 859 1845 et
878 1770 991 1864 tantis
1006 1770 1121 1843 titulis
1141 1769 1283 1844 lundati
1305 1779 1325 1808 ‘⁴
1338 1769 1415 1867 agi·

160 1904 227 1975 tur,
251 1880 480 1986 inquit'Pius
502 1889 573 1977 IX,
586 1890 634 1964 de
653 1888 866 1963 rebellionis
879 1888 1071 1986 principio,
1090 1889 1147 1963 cui
1168 1887 1415 1986 Subalpinum

160 2006 382 2106 gubernium
407 2007 563 2104 turpiter
584 2007 747 2094 inservit,
762 2033 808 2082 ex
828 2033 902 2105 quo
915 2032 1074 2105 pronum
1087 2024 1146 2081 est
1160 2005 1413 2105 intelligere).

161 2143 300 2223 quanta
319 2125 355 2198 in
376 2125 586 2199 universam
607 2125 825 2200 societatem
844 2126 992 2200 civilem
1021 2125 1203 2199 redundet
1223 2124 1415 2220 pernicies,

161 2269 244 2317 cum
265 2243 315 2315 ita
334 2242 434 2317 fatali
454 2243 726 2317 communismo
745 2244 867 2317 aditus
881 2243 1077 2340 aperiatur.
1099 2243 1115 2272 '’

217 2372 269 2445 Et
288 2397 327 2446 re
358 2373 510 2469 quidem
540 2399 638 2459 vera,
670 2373 706 2445 in
726 2372 796 2446 hoc
828 2390 967 2447 eventu
999 2390 1077 2446 tota
1108 2371 1330 2446 labelactata
1361 2388 1419 2445 est

163 2489 330 2591 legitima
362 2493 564 2567 auctoritas
593 2517 667 2566 non
699 2492 818 2566 solum
848 2518 921 2590 qua
951 2493 1123 2590 princeps
1142 2490 1261 2568 civilis
1279 2492 1419 2590 gaudet

165 2608 200 2682 in
234 2610 434 2707 subjectos,
466 2610 532 2684 sed
562 2627 600 2684 et
631 2610 896 2706 proprietarius
929 2610 964 2683 in
986 2610 1085 2684 bona
1113 2636 1189 2690 sua.
1211 2610 1274 2686 Ad
1307 2633 1419 2707 quam

163 2728 421 2801 auctoritatem
442 2728 478 2801 in
502 2728 681 2803 Pontifice
711 2729 965 2815 evertendam,
987 2746 1027 2802 ut
1046 2754 1093 2802 ex
1124 2729 1229 2802 lactis
1247 2747 1420 2803 constare

165 2845 335 2931 vidimus,
361 2845 618 2920 Massonicum
637 2846 861 2946 gubernium
880 2847 1086 2944 praecipuas
1105 2866 1230 2944 partes
1250 2847 1338 2946 egit.

217 2981 380 3065 Etenim,
402 2999 442 3055 ut
462 2981 782 3079 historiographus
795 2983 856 3067 ait,
879 2982 914 3054 in
933 2980 1161 3056 lamentabili
1181 2982 1251 3056 hoc
1269 3000 1418 3070 eventu,

164 3126 247 3174 curn
281 3099 539 3197 indignatione
569 3099 721 3197 quidem
755 3099 875 3174 mirati
907 3125 1036 3174 sumus
1060 3100 1252 3198 principes
1287 3101 1361 3175 imo
1384 3118 1423 3177 et

166 3243 275 3316 reges
294 3243 334 3292 se
365 3218 577 3314 praebentes
606 3215 817 3292 rebellionis
848 3217 1011 3329 lautores
1030 3236 1067 3292 et
1094 3219 1200 3315 quasi
1232 3218 1422 3293 ministros

164 3336 299 3434 quibus
330 3361 441 3409 causa
473 3335 685 3410 rebellionis
717 3336 1182 3411 committeretur:nonne
1211 3335 1423 3410 audivimus
1490 3327 1493 3332 Α

165 3457 305 3554 primos
324 3457 578 3532 moderatores
605 3458 829 3555 populorum
859 3458 1090 3557 plebeiorum
1110 3458 1228 3534 turbae
1247 3458 1342 3531 hanc
1360 3457 1423 3532 de·

110 3566 120 3661 s
165 3593 374 3649 monstrare
409 3575 534 3649 viam:
583 3594 731 3672 oportet
768 3576 957 3665 rebellare,
997 3576 1176 3653 rebellare
1214 3573 1424 3651 continuo?

169 3693 309 3766 Nonne
338 3711 375 3767 et
398 3693 581 3793 gubernia
600 3694 762 3769 vidimus
781 3695 904 3792 sopita
923 3714 960 3770 et
980 3694 1074 3771 salso
1092 3693 1307 3770 liberalismi
1326 3694 1424 3793 prin-

166 3810 262 3908 cipio
279 3821 298 3848 ⁴⁶
315 3836 389 3884 non
406 3811 690 3887 interventionis
704 3813 722 3840 ”
738 3813 865 3886 innixa
882 3813 897 3888 ?

220 3958 273 4019 10.
304 3946 403 4020 Proh
424 3947 558 4021 misera
584 3947 757 4023 coecitas!
777 3974 910 4023 omnes
942 3947 1018 4023 lere
1036 3947 1092 4022 usi
1111 3966 1197 4022 sunt
1215 3946 1341 4044 pravis
1360 3945 1425 4019 ho·

168 4066 308 4138 minum
324 4065 561 4161 appetitibus,
583 4084 620 4140 et
639 4067 811 4142 mendaci
831 4067 956 4141 studio
968 4064 1148 4140 libertatis
1166 4084 1204 4140 et
1216 4064 1425 4159 emancipa-

168 4183 289 4267 tionis
310 4207 385 4278 quo
404 4202 491 4255 tunc
523 4182 732 4282 flagrabant
762 4184 898 4282 populi,
920 4202 969 4270 ut,
1004 4183 1206 4280 inspirante
1225 4201 1305 4257 atra
1323 4199 1425 4256 secta

172 4301 404 4386 Massonum,
425 4326 491 4373 eos
519 4301 555 4373 in
575 4303 834 4377 auctoritatem
869 4302 1050 4377 Ecclesiae
1068 4301 1285 4387 excitarent,
1319 4299 1426 4398 quasi

168 4442 296 4492 eorum
327 4437 444 4492 mater
478 4418 648 4493 Ecclesia
672 4447 746 4494 non
779 4421 984 4496 studuisset
1017 4422 1117 4494 bono
1148 4419 1368 4494 societatum
1389 4434 1426 4492 et

168 4535 314 4621 civium,
337 4535 565 4632 imponendo
588 4537 801 4612 hominibus
830 4540 1036 4613 doctrinam
1070 4537 1268 4637 legemque
1299 4535 1428 4610 divina

168 4652 388 4726 auctoritate
401 4650 1000 4754 sulcitas.Eheu!reprobaverunt
1013 4655 1426 4757 aedificanteslapidem,
1529 4742 1532 4749 Ι

220 4802 278 4854 Papa
291 4799 318 4841 sit
333 4814 370 4842 rex
385 4800 468 4846 Roma.
1352 4820 1375 4860 ις
