3496 5482
1440 490 1619 500 “.--0-—,.

366 553 440 623 320
775 553 867 603 ΡΑΡΑ
895 552 954 602 SIT
982 552 1057 601 REX
1087 552 1212 602 ROMAE.

363 710 547 808 sapientia
562 711 747 809 “attingit
765 709 875 782 afine
889 733 1006 806 usque
1025 710 1072 782 ad
1092 708 1204 783 finem
1226 708 1371 784 sortiter
1388 732 1426 784 et
1457 709 1624 808 disponit

363 827 488 902 omnia
518 829 683 903 suaviter
703 827 746 928 (¹)
762 827 791 902 '’.
813 868 861 880 —
880 825 1135 924 Alloquuntur
1170 828 1294 903 Deum
1317 853 1400 901 cum
1432 828 1471 902 S.
1492 829 1622 926 Augu-

363 945 485 1021 stino:
507 957 525 985 “
547 947 582 1022 O
603 946 675 1034 Tu,
696 947 796 1020 bone
815 945 1077 1043 Omnipotens,
1098 945 1161 1043 qui
1181 946 1233 1020 sic
1251 971 1358 1020 curas
1379 970 1623 1042 unumquem-

363 1090 444 1163 que·
457 1081 636 1151 nostrum,
658 1083 848 1162 tamquam
879 1063 999 1138 solum
1019 1088 1136 1150 cures,
1157 1080 1196 1138 et
1210 1063 1262 1137 sic
1280 1088 1413 1138 omnes
1430 1081 1623 1162 tamquam

363 1183 542 1283 singulos.
571 1184 748 1269 Domine,
765 1182 826 1256 Tu
845 1183 1025 1280 praesides
1060 1181 1325 1281 gubernaculis
1352 1181 1520 1257 omnium
1539 1207 1625 1280 quae

364 1302 496 1377 creasti
516 1299 571 1402 (²).
585 1301 604 1329 ''

414 1421 596 1495 Attamen
616 1419 701 1495 huic
725 1445 848 1494 causae
876 1419 1006 1518 primae
1030 1438 1068 1496 et
1100 1418 1388 1516 praedominanti
1424 1419 1618 1506 accedunt,

365 1557 498 1635 praeter
526 1537 707 1612 influxum
736 1538 927 1638 agentium
957 1536 1203 1636 spiritualium
1226 1564 1269 1612 ac
1289 1536 1540 1623 invisibilium,
1560 1538 1623 1634 qui

360 1657 502 1757 jugiter
520 1675 679 1732 eventus
698 1675 761 1731 aut
781 1657 817 1729 in
838 1655 976 1731 bonam
998 1675 1062 1730 aut
1091 1657 1129 1730 in
1154 1655 1289 1731 malam
1309 1675 1452 1755 partem
1473 1655 1625 1733 flectere

365 1775 572 1862 intendunt,
594 1775 708 1849 variae
735 1799 858 1849 causae
877 1800 978 1849 mere
1011 1773 1220 1849 materiales
1244 1792 1281 1849 et
1301 1775 1625 1872 praedisponentes

365 1893 413 1968 ad
429 1893 704 1968 commotiones
727 1891 787 1968 vel
808 1888 1155 1968 transformationes
1179 1892 1401 1991 populorum
1422 1918 1489 1992 pro
1512 1894 1624 1968 certis

363 2013 548 2111 adjunctis
577 2032 788 2111 temporum
806 2030 844 2087 et
868 2011 1043 2088 locorum.
1067 2013 1132 2101 lta,
1154 2039 1187 2086 v.
1213 2038 1247 2111 g.
1271 2038 1404 2100 mores,
1426 2012 1625 2111 peculiaris

366 2129 521 2216 indoles,
539 2131 695 2230 agitatio
714 2130 905 2217 mentium,
937 2148 1056 2204 status
1079 2131 1265 2228 generalis
1295 2130 1372 2205 laesi
1409 2131 1533 2218 animi,
1554 2150 1624 2206 etc.

367 2249 525 2324 Accedit
544 2249 750 2348 praesertim
770 2247 886 2324 libera
914 2249 1085 2323 activitas
1110 2248 1302 2323 hominum
1331 2251 1412 2325 sive
1431 2263 1626 2346 procerum

368 2368 538 2455 nationis,
560 2368 641 2442 sive
677 2367 964 2455 moderatorum,
989 2367 1069 2445 sive
1101 2365 1347 2442 multitudinis
1375 2366 1505 2465 plebis,
1539 2394 1627 2468 quae

367 2485 494 2559 omnia
518 2484 699 2560 calculum
730 2512 837 2560 suum
865 2485 1058 2561 afferentia
1089 2503 1126 2560 et
1145 2511 1213 2560 suo
1242 2485 1356 2560 modo
1385 2486 1628 2585 cooperantia

367 2629 450 2677 cum
469 2604 710 2678 Providentia
728 2604 865 2690 divina,
887 2603 969 2703 ejus
999 2602 1152 2678 consilia
1182 2629 1249 2701 pro
1281 2623 1450 2704 tempore
1478 2624 1517 2681 et
1549 2631 1626 2681 mo-

369 2741 496 2798 mento
515 2722 719 2798 modificari
738 2720 874 2809 valent,
897 2722 1050 2797 minime
1070 2747 1160 2797 vero
1179 2722 1354 2798 frustrari.

424 2841 535 2916 Hanc
567 2867 779 2940 supremam
811 2840 1091 2915 Providentiam
1131 2866 1215 2939 quae
1256 2841 1399 2915 cunctis
1428 2841 1628 2916 eventibus

368 2961 581 3035 dominetur
616 2977 852 3060 agnoverunt
884 2977 922 3032 et
952 2959 1020 3054 ipsi
1051 2957 1340 3057 historiographi
1363 2959 1505 3057 antiqui
1529 2960 1626 3032 inter

369 3107 464 3178 quos
486 3079 650 3178 Polybus
668 3095 706 3152 et
727 3076 956 3162 Plutarchus,
978 3094 1016 3149 et
1036 3075 1204 3150 moderni
1223 3076 1436 3174 gravissimi
1456 3073 1470 3175 l
1487 3073 1513 3174 l.

424 3199 519 3272 Haec
538 3217 595 3272 est
614 3222 703 3273 vera
724 3221 784 3269 ars
803 3194 979 3270 historica
1009 3219 1093 3292 quae
1113 3193 1240 3267 nititur
1271 3193 1340 3267 hac
1373 3194 1460 3269 reali
1488 3193 1629 3266 Divina

373 3315 613 3391 Providentia
635 3316 740 3412 cujus
771 3310 925 3386 consilia
949 3336 1217 3409 nonnunquam
1242 3311 1350 3385 nobis
1376 3311 1624 3395 innotescunt,

370 3433 767 3533 praedispositionibus,
782 3456 866 3529 quae
893 3457 940 3505 ex
966 3431 1077 3505 rebus
1093 3428 1322 3505 naturalibus
1341 3446 1553 3514 occurrunt,
1575 3445 1629 3500 at·

371 3579 444 3650 que
463 3551 584 3625 modis
607 3552 717 3650 juxta
735 3565 829 3649 quos
849 3549 1026 3645 spectatis
1056 3548 1248 3622 hominum
1282 3547 1447 3620 moribus
1466 3563 1503 3620 et
1523 3563 1629 3619 natu·

275 3746 279 3751 ,
373 3669 437 3743 rali
474 3694 596 3744 rerum
633 3667 877 3742 humanarum
902 3693 1021 3753 cursu,
1043 3665 1139 3741 solet
1171 3665 1334 3739 humana
1358 3666 1452 3738 ratio
1471 3664 1628 3761 operari.

374 3787 472 3861 Vera
491 3786 645 3861 scientia
664 3785 840 3860 historica
859 3786 895 3859 in
914 3811 959 3860 eo
978 3785 1048 3860 sita
1068 3802 1135 3872 est,
1156 3784 1207 3858 ait
1225 3782 1267 3859 cl.
1294 3784 1573 3869 Bossuetius,ut
1592 3781 1629 3854 in

373 3902 529 4002 singulis
548 3901 702 3999 epochis
727 3921 1034 4000 perpenetremus
1065 3920 1230 3977 secretas
1262 3900 1342 3975 illas
1365 3901 1632 3997 dispositiones

411 4065 561 4136 1.Sap.,8‚
579 4080 600 4120 1.

410 4160 434 4201 2.
455 4145 562 4216 Conses.
577 4145 625 4200 lib.
640 4145 696 4215 111,
711 4161 792 4215 ort,
807 4146 966 4201 n⁰2etlib.
982 4147 1032 4214 Vl,
1047 4165 1071 4202 c.
1086 4161 1111 4214 7,
1126 4153 1157 4200 n⁰
1176 4161 1200 4200 2.

410 4224 510 4292 3.“Un
519 4224 606 4294 esprit
616 4242 668 4295 pur
680 4236 708 4281 et
722 4225 797 4280 saint
811 4226 889 4295 parle
902 4224 1113 4282 distinctement
1126 4236 1154 4281 et
1169 4242 1241 4279 nous
1251 4225 1363 4295 appelle
1376 4224 1413 4279 du
1427 4223 1495 4279 fond
1508 4223 1544 4279 de
1556 4223 1632 4278 l’his·

374 4304 445 4360 toire
457 4324 463 4370 ;
477 4314 522 4358 cet
534 4304 621 4372 esprit
634 4305 830 4375 independant
850 4304 887 4358 du
899 4305 1003 4359 monde
1016 4317 1043 4360 et
1056 4306 1107 4361 des
1121 4304 1314 4374 evenements,
1334 4304 1472 4360 affranchi
1485 4304 1537 4359 des
1559 4303 1633 4359 liens

375 4385 459 4439 d'une
481 4383 617 4438 eternelle
637 4384 787 4453 necessite,
813 4383 904 4454 dirige
921 4383 1044 4440 derriere
1057 4389 1083 4441 le
1096 4384 1172 4441 voile
1192 4385 1244 4440 des
1258 4384 1452 4456 phenomenes
1471 4384 1632 4438 l’universa·

375 4463 423 4517 lite
443 4462 479 4518 de
492 4464 520 4516 la
532 4462 668 4531 creation,
682 4463 700 4517 il
713 4463 781 4533 pese
795 4465 821 4519 le
834 4463 907 4517 droit
921 4472 949 4518 et
963 4463 990 4516 la
1008 4463 1109 4531 justice
1124 4476 1151 4520 et
1167 4476 1244 4521 meut
1268 4476 1362 4520 toutes
1384 4466 1425 4519 les
1448 4463 1550 4516 choses
1569 4477 1633 4516 vers

375 4545 435 4598 leur
449 4541 487 4596 fin
496 4542 639 4597 eternelle.
655 4543 694 4596 Le
707 4543 774 4612 plan
787 4543 893 4598 eternel
907 4543 942 4598 de
959 4542 1033 4597 Dieu
1046 4559 1077 4596 se
1091 4545 1187 4601 reflete
1200 4546 1272 4600 dans
1287 4543 1421 4598 l'histoire
1434 4538 1633 4596 commodans

375 4639 413 4676 un
426 4619 554 4676 miroir”.
564 4651 598 4660 -
613 4622 825 4692 Marheinecke
835 4623 910 4677 Hr'st.
923 4622 1107 4677 dechristian
1119 4623 1268 4694 l.—Apud
1280 4622 1512 4694 Hergenroether‚
1521 4619 1633 4674 traduc-

376 4701 436 4758 tion
450 4702 540 4769 Belet‚
555 4703 577 4766 l,
591 4717 629 4754 ιο.
648 4731 677 4740 --
686 4702 720 4755 0.
734 4703 769 4756 D.
783 4701 941 4771 Scheeben,
953 4702 1152 4773 Dogmatique,
1165 4702 1235 4755 trad.
1251 4703 1340 4769 Belet,
1356 4703 1411 4770 111,
1425 4699 1439 4771 ξ
1454 4711 1608 4767 102...115.
