3496 5482
648 563 772 629 onnus
797 563 984 616 sunnon.
1398 560 1418 636 5
1424 560 1443 636 5

246 725 293 827 I)
310 726 354 801 ld
369 726 468 801 idem
481 725 614 801 asserit
629 725 665 799 in
678 723 916 801 Allocutione
929 749 977 820 30
991 723 1223 812 Decembris,
1240 723 1449 822 iterumque

193 844 354 920 affirmat
372 870 522 919 causam
542 842 661 919 civilis
682 845 915 943 Principatus
932 869 979 919 eo
1003 843 1157 920 tendere
1184 860 1224 918 ut
1242 842 1336 918 fides
1353 840 1447 915 chri-

192 963 314 1036 stiana
331 980 575 1039 conservetur
594 963 748 1062 integra,
770 979 810 1037 ut
828 980 989 1060 oportet.

242 1097 304 1196 K)
329 1099 392 1173 Ad
407 1097 628 1196 Episcopus,
643 1097 792 1185 clerum,
808 1096 1061 1196 populumque
1077 1097 1195 1173 ltaliae
1209 1097 1376 1172 scribens
1387 1095 1449 1170 die

196 1239 237 1310 15
254 1216 432 1291 Octobris
452 1220 556 1310 1890,
572 1216 705 1291 iterum
720 1242 874 1314 scopum
889 1242 1103 1291 massonum
1116 1217 1270 1319 detegit.
1287 1226 1307 1255 “
1323 1215 1449 1289 Primo

190 1334 341 1431 quidem
361 1353 533 1431 coeptum
553 1353 611 1410 est
635 1335 683 1408 ab
702 1335 917 1422 evertendo,
940 1335 1010 1408 sub
1027 1335 1175 1433 politica
1195 1335 1329 1432 specie,
1350 1332 1448 1408 civili

194 1453 448 1527 Romanorum
485 1452 705 1527 Pontificum
742 1453 963 1550 Principatu,
997 1454 1044 1528 ad
1073 1479 1286 1552 supremam
1327 1452 1445 1550 ipsam

190 1572 407 1647 eorumdem
426 1570 655 1669 spiritualem
671 1589 896 1669 potestatem
916 1573 1245 1671 pessumdandam:
1264 1573 1282 1600 ’'

245 1702 396 1778 Deinde
411 1702 508 1777 elata
519 1703 644 1779 denuo
663 1728 755 1777 voce
770 1722 1018 1801 protestatur:
1032 1714 1052 1745 “
1066 1705 1182 1780 Sacra
1203 1704 1395 1779 Ecclesiae
1409 1721 1447 1776 et

196 1822 438 1898 Pontificatus
468 1824 555 1910 iura,
577 1849 735 1922 quorum
767 1842 973 1900 assertores
1000 1850 1042 1899 ac
1068 1842 1228 1901 tectores
1256 1823 1448 1899 constituti

195 1965 333 2028 sumus,
354 1960 453 2017 sarta
466 1960 638 2038 tectaque
652 1967 803 2017 servare
816 1941 997 2029 volentes,
1015 1942 1175 2031 iniurias,
1191 1968 1288 2040 quae
1301 1942 1449 2039 ipsimet

196 2057 387 2134 Ecclesiae
401 2086 443 2134 ac
462 2059 695 2135 Pontificatui
707 2061 940 2136 continenter
956 2063 1175 2162 irrogantur,
1192 2087 1363 2159 quaeque
1381 2061 1449 2133 dil-

193 2177 323 2253 ficilius
345 2179 468 2254 Nobis
492 2178 653 2253 reddunt
671 2177 875 2253 catholicae
905 2179 1097 2255 Ecclesiae
1117 2181 1284 2280 regimen
1302 2179 1449 2278 gravio-

195 2322 349 2397 remque
370 2323 413 2372 ac
434 2322 585 2395 prorsus
621 2297 812 2398 indignam
838 2316 1074 2396 praesentem
1103 2298 1355 2374 conditionem
1384 2322 1448 2371 no·

194 2413 446 2514 stram,palam
460 2412 712 2514 propellimus,
719 2433 833 2513 atque
848 2416 1025 2490 universo
1039 2414 1222 2495 catholico
1236 2415 1330 2490 Orbi
1343 2433 1450 2490 notas

195 2534 359 2609 facimus.
381 2535 399 2561 ’‘
1360 2532 1363 2543 '

243 2659 302 2761 L)
331 2659 503 2759 Epistola
531 2685 551 2755 3
582 2660 711 2735 Martii
737 2664 826 2753 1891
862 2662 1071 2736 excitantur
1090 2662 1278 2737 Ordinarii
1308 2661 1451 2760 imperii

195 2779 382 2855 Austriaci
400 2779 447 2853 ad
467 2779 659 2853 habendas
679 2779 880 2876 quotannis
899 2780 1080 2877 quasdam
1100 2780 1196 2855 inter
1216 2807 1259 2856 se
1276 2806 1451 2881 congres-

193 2901 328 2988 siones,
353 2901 391 2975 in
409 2900 566 2998 quibus:
585 2898 727 2974 “Velle
746 2918 872 2974 autem
893 2919 931 2975 ut
953 2902 1147 2975 Romanus
1169 2901 1342 2977 Pontifex
1362 2900 1450 2976 nulli

193 3021 314 3096 subsit
332 3021 524 3096 hominum
543 3020 685 3106 ditioni,
706 3021 773 3095 sed
793 3019 902 3119 plene
929 3022 985 3094 sui
1013 3022 1253 3120 perfecteque
1273 3022 1321 3096 sit
1341 3021 1452 3109 iuris;

196 3137 267 3213 hoc
282 3165 417 3237 nempe
430 3139 591 3236 officium
605 3164 718 3236 quum
729 3139 784 3212 ao'
791 3165 912 3213 omnes
925 3141 1054 3236 ubique
1064 3141 1234 3238 gentium
1246 3139 1450 3226 catholicas,

194 3283 266 3332 non
292 3257 346 3332 ad
369 3284 484 3331 unum
504 3267 651 3353 gentem
682 3258 858 3354 aliquam,
892 3276 1020 3333 sancte
1039 3259 1232 3356 pertineat,
1271 3258 1451 3356 Episcopi

195 3375 333 3451 idcirco
351 3375 495 3450 collatis
527 3375 679 3450 videant
708 3377 903 3450 sententiis
935 3396 1048 3474 atque
1066 3403 1181 3475 opera
1207 3377 1379 3463 efficiant,
1411 3394 1451 3451 ut

194 3492 358 3569 fidelium
378 3493 501 3568 studia
514 3493 550 3566 in
570 3519 651 3567 earn
674 3493 912 3567 iustissimam
933 3520 1102 3569 caussam
1123 3514 1246 3571 erecta
1265 3511 1448 3582 constent,

192 3608 413 3708 caleantque
432 3611 478 3684 ad
494 3611 636 3686 exitum
657 3608 812 3685 leliciter
830 3613 1101 3687 maturandum,
1124 3614 1141 3642 ''

244 3746 315 3845 M)
351 3746 655 3844 Archiepiscopis
690 3765 728 3821 et
772 3747 970 3845 Episcopis
1004 3749 1109 3846 regni
1144 3748 1348 3823 Lusitaniae
1385 3773 1452 3846 per

197 3862 407 3961 Epistolam
429 3887 473 3958 25
493 3864 593 3961 Junii
623 3867 711 3957 1891
735 3864 942 3962 gratulatur
953 3865 1001 3940 de
1019 3884 1110 3939 voto
1126 3867 1161 3939 in
1185 3866 1452 3964 congressione

197 3981 366 4055 Bracarae
394 3982 578 4080 Augustae
602 3983 740 4056 emisso
770 3981 884 4058 relate
912 3983 959 4057 ad
991 3983 1263 4059 restitutionem
1292 3983 1449 4058 dominii

196 4097 409 4197 temporalis
432 4099 470 4175 S,
490 4099 691 4174 Ecclesiae:
714 4100 889 4197 “Neque
913 4102 1068 4176 reticere
1087 4101 1259 4176 volumus
1279 4127 1352 4176 non
1374 4128 1448 4176 me·
1548 4141 1551 4146 ·

193 4217 319 4292 diocte
340 4217 463 4291 Nobis
476 4216 645 4292 attulisse
664 4217 836 4293 solatium
851 4245 896 4293 ea
914 4219 1035 4317 capita
1046 4245 1143 4318 quae
1157 4221 1332 4300 devotam
1348 4244 1449 4317 pror·

194 4364 257 4412 sus
276 4338 360 4412 huic
373 4338 615 4435 Apostolicae
632 4339 720 4413 Sedi
733 4338 971 4414 declarabant
986 4339 1216 4416 voluntatem
1235 4341 1448 4414 coeuntium

195 4458 232 4531 et
250 4456 426 4544 studium,
447 4482 522 4554 quo
541 4457 710 4557 flagrant,
731 4477 772 4532 ut
787 4458 935 4532 debitus
959 4458 1015 4533 Illi
1028 4484 1096 4556 pro
1110 4459 1294 4559 dignitate
1313 4457 1449 4531 habea-

195 4591 255 4648 tur
272 4573 401 4661 honor,
419 4601 515 4651 neve
526 4576 615 4673 quid
635 4577 683 4651 de
696 4577 890 4651 maiestate
909 4594 945 4652 et
962 4577 1101 4651 iuribus
1123 4577 1203 4652 eius
1218 4576 1415 4652 minuatur.
1431 4575 1447 4604 ''

245 4700 296 4775 N
295 4700 313 4796 )
335 4701 533 4801 Encyclica
555 4727 598 4775 22
616 4704 1114 4801 Septembris1891Mariale
1131 4703 1329 4777 Rosarium
1348 4727 1447 4778 com·
