3496 5482
602 521 726 573 CAPUT
752 520 933 574 DECIMUM
961 519 1160 584 QUARTUM.
1444 520 1511 591 331

257 626 677 635 -—-—--—-—-—.-——--—-..-..
695 625 937 631 —v—----1——
953 626 985 631 .-
1046 626 1509 634 --.-.-.-..,..--.-..--.-

265 681 267 684 ’
306 679 537 779 Hujusmodi
557 680 673 754 verba
701 680 737 752 in
764 679 981 753 memoriam
1011 679 1120 753 nobis
1140 697 1318 755 revocant
1337 680 1436 754 dicta
1456 678 1517 752 illa

251 797 415 873 virorum
429 799 617 896 justorum
634 798 708 895 Job
719 814 757 872 et
773 797 916 883 Tobiae,
932 797 1048 871 verba
1071 823 1140 895 spe
1153 796 1373 873 immutabili
1394 797 1513 894 plena.

306 926 340 1001 C
336 925 357 1024 )
377 927 563 1001 Praeterea
582 927 637 1000 sas
656 943 714 1001 est
733 926 867 1011 dicere,
894 927 995 1023 quod
1018 928 1143 1000 cuncti
1165 935 1313 1000 eventus
1339 943 1376 1000 et
1398 925 1514 1023 agita-

253 1044 374 1119 tiones
386 1044 554 1130 sociales,
564 1044 702 1118 nedum
717 1043 941 1118 solutionem
955 1044 1154 1130 retardent,
1171 1043 1514 1141 praedispositiones

251 1161 552 1260 afferuntquibus
564 1187 683 1261 reges,
693 1161 862 1259 populos,
871 1162 1088 1236 societatem
1104 1161 1316 1237 universam
1334 1161 1385 1236 uti
1398 1161 1513 1234 maxi·

252 1306 310 1355 me
325 1280 478 1378 expedit
493 1297 533 1355 ut
548 1280 808 1356 restaurationi
825 1280 1058 1377 Principatus
1072 1281 1191 1355 civilis
1207 1281 1245 1356 S.
1259 1280 1371 1355 Sedis
1384 1279 1513 1354 totius·

250 1423 324 1496 que
340 1398 481 1472 ordinis
501 1398 648 1472 socialis
667 1397 869 1472 efficaciter
887 1399 1138 1495 provideatur.

303 1522 416 1618 Quod
435 1525 587 1621 quidem
619 1550 668 1599 ex
697 1525 876 1598 hactenus
894 1523 1004 1598 dictis
1025 1524 1200 1598 omnibus
1225 1523 1273 1597 de
1300 1522 1514 1597 conditione

254 1641 372 1715 ltaliae
392 1661 430 1716 et
448 1642 611 1740 Europae
629 1643 720 1716 satis
745 1667 931 1739 superque
951 1660 1055 1739 patet
1074 1660 1112 1716 et
1130 1668 1178 1715 ex
1197 1641 1365 1716 dicendis
1394 1640 1514 1738 magis

252 1759 417 1855 patebit:

300 1899 333 1959 7.
347 1886 472 1959 Causa
490 1885 657 1960 Dominii
673 1883 888 1983 temporalis
901 1885 1209 1985 S.Sedisjugiter
1226 1902 1351 1958 manet
1367 1884 1513 1982 integra

251 2021 365 2102 atque
378 2005 592 2102 agnoscitur
604 2005 652 2077 ab
663 2004 838 2078 omnibus
852 2022 1027 2099 tanquam
1042 2029 1153 2076 causa
1168 2004 1286 2100 major
1301 2002 1337 2074 in
1347 2002 1510 2099 Europa,

250 2150 362 2198 causa
393 2149 477 2221 quae
520 2142 666 2221 spectat
697 2125 867 2220 nationes
888 2125 1091 2210 universas,
1123 2122 1262 2221 quippe
1301 2122 1402 2220 quod
1430 2147 1512 2196 sors

250 2239 398 2315 socialis
430 2242 595 2339 Europae
626 2243 756 2317 intime
776 2243 846 2338 ipsi
871 2242 1076 2341 colligatur.
1113 2243 1170 2316 lta
1199 2266 1310 2314 causa
1345 2240 1512 2314 Pastoris
1589 2266 1592 2272 ’

250 2361 415 2457 supremi
434 2386 479 2434 ea
499 2379 556 2435 est
577 2361 612 2434 in
632 2387 706 2459 qua
724 2362 848 2460 agitur
866 2361 1065 2435 de'ordine
1096 2385 1282 2458 supreme,
1303 2383 1415 2432 causa
1433 2385 1511 2431 om-

252 2478 353 2551 nium
371 2478 640 2576 guberniorum
672 2480 777 2576 cujus
797 2476 933 2552 solutio
966 2480 1130 2575 ipsorum
1154 2501 1262 2574 aeque
1294 2476 1449 2550 interest
1467 2500 1511 2549 ac

250 2598 444 2692 occupatio
480 2598 539 2670 ac*
558 2598 748 2694 possessio
776 2595 1168 2693 Constantinopoleos
1202 2619 1428 2692 quamquam
1466 2592 1511 2665 lis

186 2711 191 2722 ’
250 2714 439 2811 pacatiore
458 2716 583 2788 animo
603 2716 751 2788 tractari
764 2733 889 2811 potest
905 2739 947 2787 ac
966 2714 1083 2788 decet.
1103 2713 1164 2787 Ne
1183 2713 1266 2810 quis
1285 2713 1383 2786 dicat
1395 2735 1511 2810 ergo:

249 2831 338 2929 quid
358 2832 404 2905 ad
425 2857 493 2906 nos
513 2833 675 2928 pertinet
693 2833 853 2930 quaestio
876 2832 1108 2929 Principatus
1128 2829 1282 2904 ciuilis?

301 2957 489 3032 Omnibus
525 2958 709 3055 supremis
750 2957 983 3054 Principibus
1020 2980 1238 3053 persuasum
1275 2980 1359 3028 esse
1396 2954 1509 3029 debet

247 3104 397 3152 causam
417 3080 552 3152 summi
576 3078 766 3154 Pontificis
779 3106 863 3153 cum
884 3081 1047 3176 ipsorum
1063 3104 1174 3152 causa
1193 3077 1302 3175 plane
1320 3103 1405 3151 esse
1423 3103 1509 3151 con·

242 3196 421 3294 junctam,
451 3222 593 3295 eosque
620 3224 728 3272 suum
745 3198 856 3295 Papae
875 3197 1052 3271 auxilium
1073 3197 1271 3272 afferentes
1290 3215 1329 3271 et
1356 3222 1507 3271 suorum

241 3315 382 3413 jurium
398 3315 643 3390 incolumitati
656 3342 740 3390 esse
761 3335 1033 3413 prospecturos.
1054 3316 1096 3387 ln
1109 3315 1318 3412 quaestione
1337 3314 1509 3388 Romana

247 3431 441 3506 contlictus
472 3434 596 3531 agitur
623 3459 698 3507 non
717 3458 906 3506 armorum
938 3432 1005 3506 sed
1031 3432 1182 3530 jurium,
1217 3432 1253 3505 id
1290 3451 1349 3506 est
1384 3451 1507 3505 utrum

247 3576 365 3626 necne
408 3553 507 3650 apud
552 3552 655 3626 aulas
688 3554 894 3650 Europaeas
930 3553 1080 3649 penitus
1127 3551 1414 3648 depossideatur
1444 3552 1507 3650 jus

246 3671 450 3767 antiquum,
467 3672 529 3768 jus
548 3697 624 3768 quo
643 3673 810 3746 nituntur
827 3671 1011 3770 gubernia
1031 3671 1120 3767 ipsa.

301 3806 432 3880 Eheu!
452 3832 567 3904 quare
588 3807 700 3906 igitur
719 3833 792 3880 non
812 3825 899 3879 ante
918 3807 1115 3880 audierunt
1130 3830 1261 3879 vocem
1282 3803 1506 3879 venerabilis

249 3923 369 3996 Patris
397 3925 563 3997 omnium
594 3925 889 4010 christianorum,
911 3943 996 4021 post
1015 3923 1248 3997 latrocinium
1279 3923 1315 3995 in
1336 3920 1506 3995 Castelfi-

246 4040 364 4113 dardo
381 4060 511 4114 contra
528 4042 736 4115 Ecclesiam
750 4061 948 4141 patratum,
966 4041 1158 4115 clamantis
1177 4067 1184 4113 :
1200 4051 1219 4078 “
1238 4039 1407 4112 Maxima
1422 4064 1504 4112 curn

246 4160 380 4235 fiducia
403 4161 593 4258 Principes
622 4163 815 4237 hortamur
846 4181 884 4237 et
902 4162 1152 4245 obsecramus,
1175 4177 1215 4233 ut
1234 4184 1344 4255 opem
1368 4157 1503 4242 Nobis,

245 4305 313 4377 pro
332 4305 399 4351 sua
417 4281 576 4377 quisque
607 4281 823 4354 conditione
842 4298 881 4354 et
912 4279 1203 4376 opportunitate,
1227 4275 1343 4348 velint
1362 4274 1504 4369 impen-

245 4397 344 4472 dere.
364 4396 453 4468 Non
468 4397 682 4470 dubitamus
697 4417 834 4482 autem,
855 4397 945 4494 quin
965 4395 1146 4480 catholici,
1168 4392 1375 4490 praesertim
1401 4390 1503 4463 Prin-

244 4519 346 4614 cipes
361 4542 403 4590 ac
419 4516 545 4613 populi
560 4544 709 4592 omnem
723 4544 851 4592 eorum
868 4543 992 4590 curam
1006 4532 1042 4590 et
1055 4540 1207 4612 operam
1229 4510 1502 4587 studiosissime

244 4635 446 4721 conserant,
468 4653 508 4708 ut
526 4661 593 4730 pro
612 4637 801 4711 communi
819 4660 954 4721 eorum,
980 4633 1103 4708 officio
1123 4631 1286 4706 universi
1310 4625 1499 4703 Dominici
