3496 5482
519 599 523 636 ‚
601 554 725 606 cneus
750 554 935 606 renuunt.
1354 547 1402 621 47

145 737 401 819 praesumunt;
438 744 582 794 necnon
625 717 872 802 adhaerentes,
913 715 1078 789 lautores
1114 732 1152 788 et
1187 712 1404 788 defensores

145 855 284 925 eorum,
305 850 372 914 seu
400 838 470 912 illis
488 835 678 922 auxilium,
699 834 896 910 consilium
924 834 984 910 vel
1013 833 1181 908 savorem
1198 832 1405 930 quomodo·

145 958 236 1033 libet
255 977 476 1056 praestantes
496 955 553 1058 (¹)
574 957 591 985 ”
1070 948 1074 956 ’

197 1076 236 1152 S.
259 1077 347 1151 Pius
366 1077 402 1150 V
419 1074 519 1151 bulla
536 1076 734 1161 Admonet,
750 1100 835 1172 quae
853 1092 910 1148 est
928 1074 977 1148 de
995 1073 1057 1147 die
1078 1096 1124 1164 29
1146 1072 1275 1147 Martii
1294 1078 1408 1169 1567:

153 1195 393 1270 Innocentius
422 1194 496 1282 Xl,
525 1193 793 1269 constitutione
822 1192 914 1282 Qun
927 1190 1276 1287 hacabsedc‚pridie
1288 1216 1407 1266 nonas

150 1312 380 1388 Novembris
404 1335 493 1406 1591
512 1338 520 1399 ;
540 1310 717 1386 Clemens
732 1310 846 1395 VIII,
867 1307 940 1383 Ad
952 1309 1119 1382 Romani
1134 1307 1331 1407 Pontz'ficis
1348 1335 1408 1384 cn·

149 1456 242 1518 ram,
265 1437 313 1506 26
339 1429 439 1527 Junii
468 1452 586 1525 1592;
617 1427 836 1504 Alexander
854 1427 946 1513 VII,
980 1427 1091 1500 Inter
1118 1435 1275 1510 crateras.
1309 1452 1409 1502 nona

148 1546 567 1623 kalendasNovembris
585 1551 680 1622 1660
690 1591 741 1602 -
752 1543 1177 1620 excommunicationem
1191 1543 1358 1641 injiciunt
1370 1545 1407 1617 in

148 1666 294 1763 eosqui
313 1664 576 1740 alienationem
595 1680 634 1739 et
653 1663 951 1739 infeudationem
970 1662 1162 1737 civitatum
1181 1678 1220 1734 et
1242 1659 1408 1736 locorum

150 1784 188 1859 S.
205 1784 387 1858 Romanae
418 1781 598 1857 Ecclesiae
618 1780 827 1856 moliuntur.

201 1901 325 1997 Quam
345 1900 771 1976 excommunicationem
804 1899 1002 1975 renovavit
1029 1917 1067 1974 et
1089 1900 1262 1976 Romano
1283 1899 1410 1975 Ponti·
1529 1914 1535 1926 '

149 2018 208 2094 fici
233 2037 462 2095 reservatam
481 2044 564 2094 esse
583 2016 786 2093 declaravit
808 2018 896 2092 Pius
918 2017 977 2092 IX
1004 2018 1040 2092 in
1071 2018 1172 2094 bulla
1190 2019 1411 2118 Apostolicae

151 2137 268 2226 Sedzk,
285 2155 352 2212 art.
368 2136 487 2214 XIII.

203 2256 331 2331 Firma
350 2255 462 2331 etiam
496 2272 622 2330 manet
654 2254 993 2355 excommunicatio
1021 2280 1042 2329 a
1066 2253 1224 2331 concilio
1251 2255 1410 2330 Triden-

152 2374 231 2449 tino
258 2373 333 2448 lata
365 2374 400 2447 in
433 2398 518 2447 eum
547 2373 610 2470 qui
643 2372 840 2471 “alicujus
872 2372 1100 2448 Ecclesiae...
1135 2374 1244 2460 bona,
1277 2398 1411 2449 census

152 2518 196 2567 ac
209 2492 341 2592 jura...
357 2512 431 2589 ‘per
449 2516 501 2578 se,
524 2489 583 2565 vel
603 2489 696 2566 alios
715 2489 753 2564 vi
773 2490 832 2565 vel
853 2490 986 2565 timore
1018 2490 1215 2566 incusso...
1236 2516 1411 2590 quacum·

152 2634 226 2708 que
256 2626 336 2684 arte
367 2626 431 2682 aut
459 2633 697 2707 quocumque
725 2610 885 2706 quaesito
908 2607 1033 2684 colore
1063 2609 1100 2684 in
1133 2609 1303 2708 proprios
1323 2634 1412 2684 usus

151 2747 383 2815 convertere,
404 2727 561 2827 illosque
592 2753 772 2826 usurpare
805 2728 1096 2826 praesumpserit,
1117 2755 1184 2804 seu
1217 2728 1408 2827 impedire,

153 2873 200 2923 ne
218 2847 266 2922 ab
285 2847 329 2921 iis
348 2847 396 2921 ad
410 2872 506 2944 quos
518 2847 604 2946 jure
623 2847 823 2943 pertinent.
839 2847 1101 2944 percipiantur.
1124 2848 1142 2875 ”

201 2965 235 3026 3·
254 2963 531 3040 Necessitatem
549 2963 669 3039 civilis
690 2964 802 3063 Papae
820 2964 1052 3063 Principatus
1072 2965 1121 3040 ita
1140 2983 1271 3041 contra
1287 2991 1412 3065 agres-

151 3081 295 3157 sionem
326 3079 560 3179 Napoleonis
590 3081 618 3169 1,
647 3080 808 3158 affirmat
846 3083 932 3157 Pius
962 3083 1067 3158 Vll:
1097 3093 1118 3123 “
1154 3083 1249 3158 Illud
1280 3108 1413 3158 omnes

152 3197 260 3274 facile
303 3197 559 3296 intelligent...
596 3199 757 3274 Romani
786 3200 1108 3299 Pontificisquam
1141 3202 1303 3276 maxime
1329 3227 1413 3277 esse

152 3317 363 3393 libertatem
396 3317 533 3391 summi
565 3317 622 3391 sui
655 3316 870 3415 temporalis
901 3319 1045 3416 imperii
1078 3319 1182 3405 tueri,
1203 3319 1305 3418 quod
1337 3345 1413 3395 non

155 3434 276 3509 minus
294 3460 320 3507 a.
338 3434 425 3511 Deo
439 3452 510 3519 est,
530 3459 642 3531 quam
671 3435 718 3508 ab
748 3434 895 3511 Eodem
924 3435 998 3510 sint
1030 3436 1186 3533 imperia
1203 3455 1412 3512 ceterorum

156 3552 391 3650 Principum;
421 3551 599 3649 quodque
632 3569 707 3626 tant
736 3563 836 3626 arcte
860 3580 943 3628 cnm
972 3554 1152 3640 libertam,
1181 3555 1411 3654 expediam,

142 3670 377 3769 promptiore
387 3697 457 3745 usn
475 3673 644 3768 supremi
653 3673 718 3746 sni
724 3673 940 3769 spiritualis
952 3673 1161 3760 Primatus‚
1177 3674 1322 3774 ideoque
1331 3701 1414 3749 cnm

152 3789 305 3882 summis
320 3789 436 3888 ipsius
446 3789 657 3888 Religionis
668 3780 1322 3882 rationibus,utilitatibus‚comnodis
1335 3819 1414 3869 con·

141 3908 320 4006 junctum
334 3917 369 3983 ct
385 3908 600 4006 colligatum
618 3916 671 3982 est
684 3906 737 4006 (²).
753 3908 770 3936 ’'

163 4109 166 4111 ‚
208 4024 357 4101 Deinde
375 4044 505 4101 contra
536 4025 820 4122 occupationem
855 4026 988 4101 Romae
1017 4053 1038 4102 a
1073 4028 1331 4128 Napoleonel
1364 4029 1414 4105 ita

154 4159 404 4238 protestatur:
426 4154 447 4182 ‘⁴
474 4142 614 4217 Omnia
632 4167 716 4240 quae
735 4161 865 4217 contra
883 4144 1116 4241 Principatus
1140 4174 1162 4221 a
1183 4150 1269 4223 Deo
1291 4146 1414 4224 Nobis

154 4259 232 4333 dati
241 4260 327 4359 jura
346 4279 432 4335 sunt
449 4279 570 4360 gesta,
592 4260 837 4357 reprobamus
854 4289 861 4350 ;
881 4279 919 4337 et
939 4281 1057 4338 testes
1072 4263 1290 4340 invocamus
1304 4266 1415 4340 hodie

153 4377 288 4454 coelum
309 4398 347 4454 et
366 4398 501 4454 terram
515 4378 569 4480 (³),
586 4378 784 4475 reprobata
803 4406 887 4455 esse
905 4407 927 4456 a
948 4382 1072 4458 Nobis
1090 4403 1129 4459 et
1148 4385 1348 4482 reprobari,
1368 4409 1416 4486 ne

194 4552 216 4593 1.
229 4537 342 4594 Bullar.
356 4539 503 4593 Benedicti
512 4539 595 4606 XIV,
610 4539 663 4594 vol.
679 4539 702 4608 1,
715 4557 778 4610 pag.
794 4553 835 4608 77.

192 4631 216 4671 2.
227 4617 317 4673 Alloc.
332 4619 363 4672 16
377 4619 462 4674 Mart.
475 4619 551 4673 1808.

191 4695 422 4768 3.Deut.,1v,26.
