3496 5482
565 460 663 466 ..—-..-
670 458 1226 468 ——--—---———---.—.—.
1271 460 1318 466 ..-n
1325 460 1502 469 --....--.—.—

245 527 318 578 210
653 523 746 571 ΡΑΡΑ
773 523 834 572 SIT
861 519 936 572 REX
965 522 1093 573 ROMAE.

242 682 305 780 qui
336 681 529 755 debuisset
559 697 709 753 exstare
739 679 775 751 in
812 679 966 775 Europa
998 678 1161 751 medium
1194 704 1325 751 saxum
1357 678 1503 753 aedificii

241 818 280 874 et
298 798 356 874 cui
375 797 573 873 societates
591 794 736 895 glutine
750 794 906 894 justitiae
924 811 962 870 et
982 795 1173 869 charitatis
1193 813 1331 869 mutuae
1349 795 1502 894 alligan-

241 915 300 989 dae
320 914 475 989 luissent
493 913 539 988 ad
570 912 783 987 firmitatem
809 929 921 1010 atque
941 912 1179 987 securitatem
1202 911 1504 1011 ;dereliquerunt

242 1032 381 1108 Sedent
394 1030 663 1129 Apostolicam,
681 1029 901 1105 Pontificem
918 1031 1139 1105 Romanum.
1157 1029 1235 1105 Sed
1254 1055 1313 1104 vae
1332 1030 1504 1129 populis!

200 1200 201 1206 κ
242 1176 300 1224 vae
319 1149 548 1248 principibus
568 1166 605 1223 et
625 1148 925 1223 moderatoribus
945 1148 1046 1224 istis!
1065 1174 1150 1223 uam
1169 1148 1310 1224 dictum
1330 1167 1410 1224 est:
1432 1158 1504 1224 “et

242 1269 305 1367 qui
325 1267 498 1342 ceciderit
517 1291 629 1363 super
647 1264 810 1362 lapidem
832 1266 943 1341 istum
964 1266 1241 1367 confringetur:
1260 1292 1372 1363 super
1390 1292 1502 1365 quem

242 1411 334 1461 vero
351 1384 536 1469 ceciderit,
558 1400 726 1458 conteret
755 1409 840 1457 eum
874 1381 929 1484 (¹).
953 1381 971 1411 ’'

298 1504 350 1577 Et
362 1501 454 1577 'alibi
473 1526 481 1577 :
498 1511 518 1541 ‘⁴
531 1526 615 1599 quae
633 1500 733 1575 enim
745 1500 986 1576 seminaverit
998 1501 1123 1588 homo,
1142 1499 1222 1575 haec
1238 1518 1277 1576 et
1291 1520 1407 1576 metet
1419 1500 1503 1600 (²),”

296 1619 587 1696 Seminaverunt
605 1636 731 1693 autem
750 1618 930 1716 principia
954 1619 1050 1718 juris
1070 1618 1157 1692 novi
1178 1619 1214 1692 in
1234 1618 1313 1693 sola
1331 1619 1368 1693 vi
1389 1618 1502 1695 lacto·

245 1764 324 1813 rum
345 1737 498 1823 fundati,
520 1755 558 1811 et
578 1761 674 1810 nunc
694 1755 733 1810 ut
752 1754 1005 1810 tumescentes
1035 1735 1265 1832 plebeiorum
1286 1736 1419 1811 fluctus
1436 1738 1503 1811 do-

244 1880 347 1930 mare
373 1855 529 1953 possint,
556 1853 673 1928 coacti
700 1852 848 1928 luerunt
867 1878 1011 1927 armare
1043 1853 1169 1950 copias
1202 1853 1501 1938 innumerabiles,

243 1975 435 2049 continuas
455 1974 592 2048 nutrire
617 1972 663 2046 ad
683 1973 841 2048 invicem
874 1972 1110 2059 diffidentias,
1125 1974 1280 2074 jugibus
1309 1974 1504 2049 timoribus
1592 1971 1596 1980 ’

243 2094 385 2193 agitari.
409 2095 461 2168 Et
492 2094 542 2168 ita
574 2118 642 2191 pro
662 2113 852 2167 momento
871 2109 970 2167 stare
1001 2110 1126 2191 potest
1139 2095 1203 2193 jus
1232 2118 1396 2169 novum:
1417 2094 1503 2168 “sit

243 2212 422 2288 fortitudo
452 2232 578 2288 nostra
607 2213 666 2287 lex
694 2213 860 2311 justitiae.
883 2212 900 2239 '’
923 2212 974 2286 Et
1003 2211 1141 2286 adbuc:
1162 2223 1183 2252 “
1217 2212 1317 2307 Quia
1348 2228 1502 2287 ventum

202 2328 205 2334 ’
243 2330 490 2416 seminabunt,
516 2350 553 2405 et
582 2330 769 2405 turbinem
803 2347 945 2405 metent
969 2328 1045 2430 (³).''

296 2448 358 2521 Ex
376 2447 509 2521 animis
524 2447 745 2545 populorum
761 2473 913 2522 suorum
932 2448 1139 2523 evellerunt
1153 2447 1333 2545 principia
1347 2446 1502 2544 pacifica

243 2581 281 2639 et
299 2565 500 2640 christiana
515 2566 608 2664 juris
623 2590 666 2639 ac
678 2565 878 2651 charitatis,
893 2582 930 2639 et
941 2565 1019 2664 jam
1036 2592 1110 2640 non
1127 2565 1350 2639 invenerunt
1369 2582 1501 2662 postea

243 2683 314 2757 nisi
333 2683 502 2781 germina
520 2701 558 2757 et
576 2683 684 2783 signa
703 2701 805 2758 certa
819 2682 1075 2758 dissolutionis
1089 2701 1126 2758 et
1145 2681 1501 2779 destructionisqui·
1575 2765 1579 2772 ¹

242 2799 312 2874 bus
331 2798 562 2875 socialismus
580 2818 618 2875 et
648 2802 945 2875 communismus
964 2801 1113 2874 abunde
1131 2818 1301 2874 scatent:
1320 2801 1446 2873 odium
1463 2799 1500 2872 in

242 2918 368 2992 Deum
388 2918 583 2991 —odium
604 2918 639 2991 in
669 2920 939 3015 proprietatem
958 2963 1009 2973 —
1037 2918 1164 2992 odium
1185 2917 1221 2991 in
1240 2917 1500 2991 auctoritatem

241 3061 404 3120 omnem,
425 3055 538 3132 atque
570 3036 788 3111 effrenatam
826 3036 1017 3110 libidinem
1041 3036 1208 3111 omnium
1242 3034 1498 3133 proruentium

240 3157 485 3254 appetituum.

292 3292 340 3351 ll.
372 3277 584 3358 Massones,
617 3278 705 3350 dum
725 3277 794 3350 sub
826 3278 950 3351 fucato
979 3297 1164 3374 praetextu
1192 3276 1344 3351 unitatis
1364 3276 1502 3373 linguae

239 3418 282 3466 ac
301 3395 408 3492 regni
431 3394 549 3469 ltaliae
570 3396 730 3468 Romam
751 3396 929 3481 detinent,
953 3395 1028 3468 imo
1047 3412 1085 3469 et
1105 3395 1265 3492 reliquas
1289 3392 1500 3492 provincias

240 3536 324 3608 quae
343 3513 520 3588 idiomate
540 3533 693 3588 utuntur
709 3514 847 3600 Italico,
865 3515 932 3588 sed
946 3515 993 3587 ad
1005 3514 1096 3587 alias
1109 3514 1296 3611 pertinent
1316 3513 1497 3598 nationes,

241 3649 278 3703 et
310 3655 403 3728 quas
436 3633 520 3706 ideo
550 3634 793 3730 irredemptos
819 3650 946 3706 amant
977 3657 1122 3718 vocare,
1152 3632 1263 3705 etiam
1300 3631 1501 3705 adnectere

240 3770 427 3850 satagunt,
461 3753 645 3828 extollunt
676 3774 789 3851 atque
823 3754 859 3826 in
891 3753 1034 3849 praxim
1060 3753 1250 3826 deducunt
1279 3749 1498 3847 principium

240 3869 383 3957 salsum,
416 3872 605 3970 injustum,
640 3871 948 3968 auctoritatisque
970 3895 1208 3967 summopere
1237 3868 1497 3942 subversivum

233 3990 524 4064 'nationalitatrlt
1587 3975 1591 3979 ¹

294 4106 349 4180 Ut
367 4107 530 4203 perbelle
555 4107 719 4182 ostendit
737 4106 785 4181 D.
809 4106 957 4193 Knoch,
978 4131 1089 4203 quem
1105 4123 1257 4202 praestat
1277 4105 1312 4178 in
1333 4104 1400 4177 hac
1432 4103 1497 4175 do·

241 4224 359 4296 ctrina
377 4225 493 4321 sequi,
528 4235 548 4264 ‘⁸
570 4225 796 4322 Principium
825 4225 913 4299 illud
933 4223 1200 4298 nationalitatis
1218 4249 1362 4320 —quo
1382 4222 1497 4295 innixi

243 4340 476 4415 Liberalismi
507 4342 659 4436 asseclae
691 4362 804 4441 atque
826 4344 1027 4416 Massones
1056 4341 1202 4421 civilem
1236 4341 1404 4415 ordinem
1435 4337 1496 4413 vel

277 4533 298 4573 1.
318 4520 433 4587 Matri,
448 4532 513 4587 xxr,
526 4535 569 4587 44.

274 4612 298 4652 2.
319 4599 370 4650 Ad
378 4599 451 4667 Gal,
465 4612 504 4668 vr,
514 4600 537 4654 8.

274 4693 297 4749 3.
320 4679 466 4749 Osee,vu,
481 4693 504 4746 7.
