3496 5482
1148 488 1497 500 Ἣ

240 525 313 610 264
652 547 743 596 mm
771 547 831 597 srr
858 548 932 598 nex
963 549 1088 602 noua.

292 719 326 781 9.
344 705 486 781 Volunt
505 725 630 781 autem
649 726 686 782 et
706 709 893 805 praeterita
905 727 943 784 et
955 710 1152 806 praesentia
1164 728 1202 785 et
1220 711 1343 787 lutura
1356 730 1500 813 tempo·

244 850 325 898 rum
357 827 530 924 adjuncta
553 845 593 900 ut
615 828 715 925 Papa
736 827 837 903 solus
856 830 903 903 sit
927 831 1009 904 Rex
1041 856 1108 905 seu
1126 831 1334 930 Imperator
1354 834 1497 912 Romae.

243 943 435 1018 Praeterita
449 968 456 1019 :
469 989 519 1001 —
533 954 553 985 ‘⁸
576 946 772 1021 Hactenus
791 948 950 1034 unicum,
970 992 1018 1004 —
1040 950 1162 1048 pergit
1184 950 1283 1025 idem
1312 954 1498 1028 sanctissi-

241 1087 324 1137 mus
346 1063 543 1149 Dominus,
559 1108 609 1167 -Ι
626 1089 702 1161 quo
726 1066 773 1139 ad
800 1065 977 1141 tuendam
996 1067 1253 1142 Romanorum
1277 1069 1498 1145 Pontificum

242 1178 452 1268 libertatem
471 1181 599 1256 divina
615 1182 855 1257 Providentia
869 1209 935 1258 usa
947 1201 1014 1271 est,
1034 1185 1209 1273 medium,
1226 1188 1350 1286 regius
1369 1214 1498 1263 eorum

241 1298 473 1395 Principatus
490 1299 658 1396 prolecto
672 1300 740 1375 luit
754 1329 762 1375 :
776 1302 926 1399 quando
937 1319 1063 1376 autem
1078 1302 1149 1378 hoc
1173 1304 1336 1379 medium
1350 1305 1499 1396 defecit,

242 1414 354 1490 iidem
381 1416 582 1493 Pontifices
609 1418 669 1493 vel
700 1420 919 1519 exagitatia
943 1421 1497 1522 persecutoribus,chcaptivi,

243 1535 305 1611 vel
325 1535 456 1613 exules
482 1565 632 1637 semper
649 1541 806 1628 fuerunt,
825 1559 888 1615 aut
907 1558 1006 1615 certe
1030 1541 1065 1614 in
1095 1543 1261 1617 obnoxia
1285 1544 1500 1619 conditione

242 1659 437 1736 constituti
454 1680 518 1736 aut
532 1662 682 1738 demum
703 1664 738 1738 in
757 1663 934 1738 continuo
953 1662 1116 1759 periculo
1134 1662 1214 1740 sive
1233 1664 1268 1737 in
1284 1690 1406 1751 unam,
1416 1664 1498 1739 sive

241 1775 277 1850 in
311 1775 466 1854 alteram
491 1806 619 1855 earum
650 1781 900 1856 calamitatum
921 1805 987 1878 per
1017 1780 1093 1854 vim
1124 1779 1353 1879 prolabendi.
1373 1825 1424 1840 —
1453 1784 1497 1858 ld

240 1896 424 1971 universa
443 1898 635 1975 Ecclesiae
652 1901 805 1976 historia
824 1919 982 1975 testatur
1001 1899 1029 1975 ”.

291 2027 511 2106 Praesentia:
524 2032 621 2107 Sunt
644 2032 707 2130 qui
720 2032 766 2106 ad
786 2029 1005 2106 solvendam
1026 2032 1236 2105 Romanam
1250 2033 1498 2129 quaestionem

246 2151 559 2251 excogitaverunt
577 2152 648 2226 alia
671 2151 823 2228 consilia
842 2153 1039 2249 variosque
1070 2151 1203 2225 modos
1222 2150 1357 2248 quibus
1376 2150 1502 2225 condi·

246 2270 389 2347 tionem
403 2274 548 2349 Summi
570 2272 759 2348 Pontificis
778 2271 967 2347 meliorem
988 2270 1155 2345 reddant.
1175 2268 1291 2345 “Sed
1327 2269 1413 2343 vani
1442 2269 1503 2344 isti

243 2407 335 2466 sunt
366 2408 479 2489 atque
515 2391 663 2466 inutiles
694 2407 873 2477 conatus;
892 2390 1055 2487 itemque
1082 2414 1179 2463 vana
1214 2406 1330 2486 atque
1360 2386 1503 2465 inutilia

244 2527 354 2584 erunt
373 2512 498 2585 omnia
523 2512 559 2586 id
591 2536 710 2609 genus
740 2509 939 2597 molimina,
966 2535 1062 2608 quae
1080 2509 1151 2582 sub
1176 2506 1364 2605 praeclara
1383 2532 1502 2605 eaque

244 2627 441 2726 multiplici
460 2628 612 2704 honoris
625 2628 759 2727 specie,
782 2627 1001 2703 Pontificem
1021 2628 1057 2700 in
1072 2625 1235 2702 obnoxia
1251 2650 1401 2722 prorsus
1415 2650 1502 2700 con·

243 2745 387 2823 ditione
402 2772 533 2845 reapse
552 2747 773 2845 relinquunt.
791 2745 965 2842 Defectus
983 2755 1034 2819 est
1051 2745 1092 2819 in
1107 2746 1187 2841 ipse
1201 2770 1330 2818 rerum
1348 2753 1500 2832 natura,

244 2883 354 2962 prout
386 2865 422 2940 in
459 2866 646 2960 praesenti
677 2867 901 2941 constitutae
930 2881 1016 2938 sunt
1034 2891 1041 2950 ;
1061 2861 1277 2961 nullumque
1303 2880 1501 2937 externum

245 3000 592 3083 temperamentum,
618 2986 718 3084 quod
750 2985 980 3070 adhibeatur,
1001 2981 1175 3080 nullaque
1207 2982 1300 3055 ratio
1326 2980 1427 3054 illum
1448 3005 1502 3054 re·

245 3127 398 3178 movere
418 3103 605 3178 valebunt.
627 3104 643 3130 ”
1235 3111 1236 3114 ’

297 3233 439 3309 Futura
457 3234 574 3310 :Sunt
593 3234 653 3309 alii
672 3234 735 3333 qui
762 3233 986 3308 solutionem
1017 3230 1236 3328 quaestionis
1267 3231 1451 3304 Romanae
1482 3254 1505 3302 a

244 3349 480 3450 longitudine
513 3352 690 3450 temporis
716 3369 898 3448 repetunt,
921 3349 1027 3448 quasi
1048 3348 1318 3422 consuetudine
1351 3346 1503 3423 tandem

243 3467 444 3568 aliquando
463 3470 616 3545 actualis
635 3471 760 3544 medus
784 3470 936 3544 vivendi
952 3467 1171 3541 redderetur
1191 3465 1404 3551 tolerabilis
1430 3465 1505 3538 imo

245 3590 495 3687 acceptabilis.

298 3720 372 3795 His
392 3721 593 3818 respondet
614 3721 809 3796 Pontifex:
834 3729 852 3760 ‘¹
873 3720 1052 3816 Speratur
1071 3717 1235 3815 quidem,
1268 3715 1504 3813 temporique

244 3838 452 3924 confiditur,
477 3841 581 3938 quasi
610 3866 701 3915 vero
734 3841 764 3913 si
799 3838 886 3913 illud
916 3835 1166 3934 protrahatur,
1200 3834 1323 3908 Nobis
1351 3835 1502 3909 tandem

246 3958 474 4054 acceptanda
488 3959 535 4033 sit
554 3959 625 4033 ista
638 3984 759 4034 rerum
779 3955 1038 4033 conditio.Sed
1058 3978 1190 4027 caussa
1210 3953 1382 4050 propriae
1394 3952 1504 4029 liber·

245 4076 331 4151 tatis
350 4093 408 4152 est
420 4101 487 4174 pro
496 4076 738 4152 Pontificibus
756 4094 793 4151 et
809 4102 875 4173 pro
887 4072 1057 4149 Ecclesia
1068 4071 1239 4170 quaestio
1258 4071 1377 4168 prima
1390 4088 1503 4169 atque

245 4194 378 4271 vitalis.
402 4195 463 4269 Ex
481 4220 556 4294 quo
574 4195 616 4270 fit
636 4214 675 4272 ut
693 4214 815 4270 certus
834 4195 993 4294 quisque
1012 4218 1096 4267 esse
1126 4191 1256 4289 possit,
1278 4191 1379 4288 ipsos
1403 4215 1504 4265 eam·

245 4318 331 4392 dem
350 4317 560 4393 libertatem
579 4335 617 4394 et
649 4318 799 4416 quidem
820 4317 932 4392 modo
951 4338 1131 4412 perquam
1153 4311 1377 4397 firmissim0,
1399 4336 1504 4386 secu·

248 4459 326 4509 ram
346 4452 538 4534 tutamque
557 4461 706 4533 semper
723 4434 966 4532 expetituros
989 4432 1006 4460 ”

303 4579 355 4642 10.
377 4565 483 4664 Ergo
502 4583 588 4654 tota,
609 4567 719 4642 unica
730 4564 866 4640 solutio
880 4562 1102 4663 quaestionis
1121 4562 1307 4635 Romanae
1319 4557 1397 4633 haec
1416 4559 1503 4634 sim·

249 4681 335 4783 plex
355 4700 392 4759 et
411 4682 580 4758 absoluta
589 4685 787 4782 'responsio
798 4684 846 4758 sit
860 4699 1027 4780 oportet:
1052 4691 1072 4720 ‘⁴
1087 4680 1328 4754 [restituatur
1345 4679 1504 4758 Sanctae
1527 4719 1530 4724 ·
1635 4697 1638 4700 ’
