3496 5482
310 553 360 621 oo
722 551 816 618 ania
841 567 901 619 srr
927 566 1003 616 nux
1031 565 1157 618 noum.
1252 645 1256 657 .

314 729 487 805 Ecclesia
505 727 645 803 versari
665 745 798 825 potest,
816 753 861 801 ea
879 752 953 802 non
981 752 1075 825 opus
1104 726 1185 800 fuit·
1202 720 1329 802 omnia
1352 701 1566 820 singillatim

314 847 487 934 revelari,
521 849 587 922 sed
624 847 781 945 relinqui
814 843 1013 945 potuerunt
1042 842 1343 921 determinationi
1376 840 1565 916 Ecclesiae.

317 968 437 1065 ldque
457 968 593 1042 sactum
613 966 762 1040 videtur
777 967 902 1064 quoad
922 967 1172 1063 Principatum
1191 962 1360 1038 civilem·

370 1105 394 1134 “
416 1096 586 1171 Ecclesia
606 1095 756 1180 scilicet,
776 1122 861 1194 quae
873 1097 941 1171 scit
953 1123 993 1172 se
1008 1097 1147 1172 habere
1161 1096 1224 1194 jus
1242 1094 1289 1169 ad
1309 1091 1432 1168 media
1443 1114 1569 1183 neces·

316 1216 412 1290 saria
431 1241 497 1311 pro
517 1214 628 1313 pleno
646 1215 825 1289 exercitio
846 1241 922 1290 suae
941 1214 1147 1312 potestatis,
1168 1213 1332 1311 illudque
1349 1211 1488 1286 habere
1502 1232 1570 1306 pro

318 1334 450 1433 quavis
470 1333 683 1408 conditione
703 1333 875 1407 humanae
893 1334 1092 1420 societatis,
1113 1332 1268 1408 definire
1286 1346 1433 1429 potest:
1461 1328 1518 1402 his
1533 1327 1569 1401 in

316 1452 513 1550 adjunctis
536 1451 766 1527 necessarius
786 1469 843 1526 est
866 1451 1037 1526 Pontifici
1060 1452 1292 1548 Principatus
1309 1448 1438 1524 civilis,

371 1590 391 1618 “
412 1579 564 1675 Quanta
578 1607 669 1680 ergo
688 1599 744 1655 est
763 1581 947 1657 certitudo
966 1581 1076 1672 huius
1095 1578 1295 1655 veritatis?

373 1718 393 1746 “
416 1709 713 1805 Supponendum
734 1728 790 1785 est
820 1709 1027 1786 Ecclesiam
1057 1736 1168 1808 posse
1192 1706 1416 1783 sententiam
1444 1702 1573 1779 infalli-

322 1826 433 1903 bilem
454 1828 550 1903 lerre
568 1829 666 1904 circa
679 1831 857 1906 veritates
876 1831 957 1905 sive
971 1829 1196 1905 theoreticas
1210 1828 1290 1902 sive
1303 1825 1494 1923 practicas,
1510 1840 1574 1896 aut

320 1944 530 2056 historicas,
552 1974 739 2046 quaecum
759 1950 938 2048 dogmate
956 1948 1229 2023 connexionem
1249 1945 1400 2020 habent.

372 2078 533 2152 “Porro
552 2080 765 2178 hujusmodi
784 2096 841 2155 est
861 2080 999 2154 veritas
1019 2079 1088 2155 illa.

374 2197 520 2271 “Nam
548 2197 679 2296 dogma
707 2216 764 2273 est
791 2200 1003 2273 Romanum
1037 2195 1295 2273 Pontificem
1279 2221 1342 2296 jus
1371 2140 1509 2269 habere
1527 2191 1575 2265 ad

320 2315 476 2393 liberum
496 2319 712 2394 exercitium
731 2319 852 2417 plenae
869 2347 947 2396 suae
965 2322 1173 2419 potestatis.

375 2444 396 2474 “
420 2436 652 2534 Praeceptum
671 2456 729 2513 est
747 2439 925 2525 divinum,
951 2440 1033 2516 sive
1051 2441 1190 2540 dogma
1209 2439 1421 2537 practicum,
1439 2432 1578 2552 debere
1645 2530 1650 2537 ι

329 2555 461 2632 fideles
479 2581 611 2634 omnes
642 2577 867 2657 potestatem
899 2561 995 2636 hanc
1031 2563 1203 2649 revereri,
1235 2562 1467 2658 liberumque
1497 2559 1579 2657 ejus

326 2679 546 2754 exercitium
579 2707 782 2779 numquam
818 2683 1008 2780 impedire.
1043 2672 1171 2781 Atqui,
1192 2702 1232 2759 ut
1261 2684 1297 2758 id
1317 2682 1472 2757 firmiter
1489 2705 1580 2778 prae

327 2815 455 2888 stetur,
487 2817 659 2875 constare
691 2800 905 2877 debetcum
925 2803 1148 2879 certitudine
1174 2828 1347 2900 quaenam
1366 2802 1440 2876 sint
1459 2789 1582 2906 media

332 2920 540 2994 necessaria
572 2921 637 2995 ad
649 2920 736 2995 illud
768 2922 996 2998 exercitium.
1017 2924 1059 2997 Si
1078 2924 1177 2998 enim
1198 2941 1356 3022 negetur
1380 2909 1582 2997 necessitas

330 3038 486 3139 alicujus
506 3040 629 3129 medii,
649 3042 751 3140 quod
771 3060 896 3117 tamen
924 3068 1058 3141 reapse
1089 3044 1136 3118 sit
1162 3043 1420 3130 necessarium,
1442 3036 1584 3138 pericli·

331 3159 400 3233 tari
423 3175 548 3256 potest
567 3160 604 3234 in
624 3159 795 3235 fidelibus
803 3161 904 3258 fides
922 3160 1039 3260 ipsius
1066 3163 1255 3260 dogmatis,
1272 3161 1365 3262 juris
1385 3183 1519 3256 nempe
1537 3155 1584 3234 ad

331 3276 487 3352 liberum
513 3278 730 3353 exercitium
758 3304 836 3353 suae
867 3281 1074 3377 potestatis.
1105 3281 1205 3355 Nam
1225 3281 1256 3356 si
1270 3281 1353 3379 quis
1372 3295 1478 3378 putet
1497 3274 1585 3350 illud

334 3421 409 3469 non
428 3421 511 3470 esse
531 3396 791 3484 necessarium,
809 3415 846 3472 et
866 3423 977 3495 posse
991 3399 1073 3474 sine
1089 3400 1221 3497 injuria
1249 3398 1383 3476 auferri
1405 3394 1586 3479 Pontifici,

335 3515 463 3611 nequit
478 3514 537 3589 ille
553 3514 673 3590 fidelis
687 3514 796 3591 simul
812 3535 939 3593 tenere
962 3518 1180 3595 Pontificem
1201 3520 1339 3596 habere
1358 3520 1420 3618 jus
1440 3516 1487 3592 ad
1505 3540 1588 3591 eam

334 3628 555 3719 libertatem,
587 3659 699 3731 quam
732 3635 812 3709 sine
840 3662 886 3711 eo
915 3637 1040 3712 medio
1072 3638 1246 3715 Pontifex
1266 3663 1397 3736 reapse
1416 3627 1590 3712 exercere

336 3753 474 3851 nequit.

390 3874 607 3971 “Jamvero
643 3877 854 3952 auctoritati
890 3879 1060 3952 docentis
1097 3880 1302 3977 respondet
1338 3880 1385 3953 in‘
1410 3875 1592 3974 discipulo
1657 3879 1659 3882 ’
1731 3863 1735 3870 ’

337 3992 431 4067 fides
446 4021 453 4080 ;
471 4038 520 4050 -
539 4012 576 4069 et
591 3997 802 4071 auctoritati
829 3996 1008 4072 infallibili
1035 4000 1240 4097 respondet
1259 4000 1353 4088 fides
1364 4016 1465 4075 certa
1483 4015 1521 4072 et
1540 3997 1592 4070 in·

338 4110 507 4187 sallibilis.
528 4159 578 4170 —
599 4114 696 4209 Quae
711 4114 848 4190 idcirco
868 4140 941 4189 non
962 4133 1019 4190 est
1039 4134 1182 4191 tantum
1213 4118 1306 4193 fides
1323 4118 1487 4190 humana
1508 4140 1592 4188 nam
1663 4102 1665 4109 ⁸

340 4232 509 4307 innititur
520 4237 730 4310 auctoritati
745 4237 950 4334 magisterii
962 4237 1142 4311 divinitus
1157 4220 1370 4323 institutisse't
1383 4233 1595 4311 infallibilis.

392 4362 413 4391 ‘⁸
436 4351 524 4426 Non
545 4372 603 4428 est
622 4373 748 4430 autem
780 4355 999 4453 simpliciter
1030 4355 1123 4431 fides
1141 4355 1279 4443 dz'vz'na,
1301 4356 1388 4454 quia
1405 4355 1593 4453 objectum

340 4473 420 4571 ejus
440 4471 594 4549 sormale
613 4498 687 4548 non
707 4492 765 4548 est
783 4475 983 4549 auctoritas
1001 4474 1074 4548 Dei
1094 4467 1304 4549 revelantis.

392 4602 413 4696 ’ᾖ
436 4592 508 4676 Est
526 4618 618 4690 ergo
636 4591 730 4667 fides
749 4592 977 4688 r'nsallibz'lzlr,
995 4591 1128 4669 inm-'xa
1145 4593 1363 4669 auctoritati
1387 4591 1600 4690 magisterii

340 4712 521 4788 divinitus
538 4712 711 4787 instituti.
